# ALDI Special Buys Catalogue

## Available from Saturday 30th August (20 items)
**Themes:** Electric Appliances and White Goods • Tools and DIY

### Tools & Equipment
- **FERREX 20V Xfinity 6 Piece Set** - $199.00
- **FERREX Cordless Screwdriver** - $24.99
- **FERREX Table Top Saw** - $149.00
- **FERREX Assorted Drill Bit Sets** - $9.99
- **WORKZONE Mini Hand Truck** - $19.99
- **WORKZONE File Set 3 Piece** - $8.99
- **WORKZONE Assorted Hand Tools** - $9.99

### Kitchen Appliances
- **AMBIANO Multi Snack Maker** - $39.99
- **STIRLING 60cm Glass Induction Cooktop** - $179.00
- **STIRLING 60cm Slide Out Rangehood** - $99.00
- **STIRLING 80L Designer Built-In Oven** - $249.00
- **KENWOOD Blender & Mill** - $49.99
- **AMBIANO 1.7L Kettle** - $39.99
- **AMBIANO Portable Blender** - $39.99
- **AMBIANO Premium Egg Cooker** - $29.99
- **AMBIANO 4 Slice Toaster** - $49.99

### Home & Garden
- **DELTA Smart Lock Portable Key Safe** - $89.99
- **CASALUX Garden Solar Lights** - $14.99
- **GARDENLINE Hose Cleaning Attachments** - $24.99
- **Garden Statue** - $29.99

---

## Available from Wednesday 3rd September (22 items)
**Themes:** Kitchen • Limited Time Only Meat • Pet

### Kitchen Items
- **STIRLING 30L Microwave Oven with Grill and Convection** - $169.00
- **DREAMFARM Fluicer** - $12.99
- **CROFTON Assorted Ceramic Frying Pan with Spouts 28cm** - $19.99
- **CROFTON Stainless Steel 2-Tier Steamer Pot** - $24.99
- **CROFTON Assorted Utensils** - $4.99
- **CROFTON Assorted Chip Tray** - $3.99
- **CROFTON Assorted Multi-Function Pan Set 5L** - $49.99
- **CROFTON Assorted Kitchen Gadgets** - $3.99
- **JOIE Assorted Meal Prep Containers** - $5.99
- **JOIE Assorted Kitchen Accessories** - $5.99
- **JOIE Assorted Bag Clips** - $4.99

### Specialty Meats
- **THE WHISTLING BUTCHER Habanero Chilli Beef Sausages 500g** - $7.99 ($15.98/kg)
- **JACK DANIELS Honey Pulled Chicken 400g** - $10.99 ($27.48/kg)
- **JACK DANIELS Pulled Pork 400g** - $10.99 ($27.48/kg)
- **JACK DANIELS Pulled Beef 400g** - $10.99 ($27.48/kg)

### Pet Products
- **PETPLAY Assorted Heavy Duty Dog Toy** - $5.99
- **PETPLAY Assorted Elevated Dog Bed** - $19.99
- **PETPLAY Assorted Retractable Lead** - $14.99
- **PETPLAY Assorted Interactive Dog Ball** - $11.99
- **PETPLAY Assorted Activity Lead** - $9.99
- **PETPLAY Assorted Squeaky Dog Toy** - $4.99
- **PETPLAY Active Pet Toy Assortment** - $7.99

---

## Available from Saturday 6th September (40 items)
**Themes:** Flowers • Gardening • Grocery Specials • Household Cleaning • Storage and Home

### Cleaning Appliances
- **ECOVACS Deebot Neo 2.0 Robot Vacuum Cleaner** - $279.00
- **TINECO GO H2O Sense Floor Washer** - $249.00
- **AMBIANO 2-in-1 Cordless Stick Vacuum** - $99.99
- **AMBIANO Carpet Spot Cleaner with Steam** - $149.00

### Home Storage
- **EASY HOME 50L Motion Sensor Automatic Bin** - $79.99
- **EASY HOME 30L Motion Sensor Automatic Bin** - $59.99
- **EASY HOME Bathroom Accessories** - $9.99
- **EASY HOME Assorted Magnetic Shower Basket** - $14.99
- **EASY HOME Assorted Scissors Set 4 Piece** - $4.99

### Cleaning Products
- **LOGIX Dishwasher Cleaner Capsules (3 pack)** - $3.99 ($1.33 each)
- **FAIRY All in One Dishwasher Tablets (67 pack)** - $24.99 ($0.37 each)
- **AJAX Luxury Multipurpose Spray 750ml** - $3.49 ($0.47/100ml)
- **POWER FORCE Assorted Wonder Cloths (8 pack)** - $3.49 ($0.44 each)
- **POWER FORCE Assorted Microfibre Bulk Pack (20 pack)** - $7.99 ($0.40 each)
- **POWER FORCE Assorted Electric Scrubber Brush** - $13.99
- **POWER FORCE Assorted Magnetic Window Cleaner** - $14.99
- **POWER FORCE Assorted Compact Tornado Mop & Bucket** - $29.99
- **POWER FORCE Detail Cleaning Brush Set with Holder** - $6.99

### Personal Care
- **PUREWICK Eucalyptus Spray 200g** - $6.99 ($3.50/100g)
- **NEUTROGENA T/Gel Therapeutic Shampoo 2 Pack 200ml** - $19.99 ($5.00/100ml)
- **ESSENTIAL HEALTH Eucalyptus Oil 500ml** - $24.99 ($5.00/100ml)
- **DOVE Triple Moisturising Body Wash 1L** - $9.49 ($0.95/100ml)
- **GLADE Pet Air Freshener 400g** - $4.99 ($1.25/100g)
- **GILLETTE Venus Comfort Glide Razor 2 Pack** - $4.99 ($2.50 each)
- **HERBAL ESSENCES Classic Replenishing Rosehips Shampoo 400ml** - $5.99 ($1.50/100ml)
- **GLADE Assorted Plug in Diffuser 20g** - $6.99 ($34.95/100g)
- **SUNSILK Longer & Stronger Shampoo 700ml** - $6.99 ($1.00/100ml)
- **DOVE Assorted Men's Antiperspirant Deodorant Aerosol Twin Pack 145g** - $9.49 ($3.27/100g)

### Gardening
- **RP ROCKY POINT Poultry Manure 3Kg** - $12.99
- **BELAVI Whiskey Barrel Planter** - $19.99
- **GARDENLINE Weed & Feed Extra Strength 2L** - $11.99
- **GARDENLINE Seed & Cutting Greenhouse** - $9.99
- **GARDENLINE Assorted Packet Seeds** - $1.39
- **GARDENLINE Assorted Planting Stake Sets** - $9.99
- **GARDENLINE Assorted Latex Coated Garden Gloves** - $2.99
- **GARDENLINE Assorted Coiled Garden Hose 15m** - $14.99
- **GARDENLINE Assorted Tomato Cage** - $8.99

### Kitchen & Laundry Accessories
- **JOIE Kitchen Drying Accessories** - $9.99
- **JOIE Laundry Accessories Assortment** - $6.99
- **JOIE Sink Cleaning Assortment** - $4.99

---

## Available from Wednesday 10th September (60 items)
**Themes:** Camp Quality • Clothing • Health • Limited Time Only Meat • Liquor • Travel

### Travel Essentials
- **LIVE IN STYLE Hardcase Suitcase 2 Piece Set** - $99.99
- **LIVE IN STYLE Children's Hardcase Suitcase** - $34.99
- **LIVE IN STYLE Premium Wheeled Duffle Bag** - $29.99
- **LS LIVE IN STYLE Foldable Tote or Backpack** - $19.99
- **LS LIVE IN STYLE Packing Cubes** - $12.99
- **CRANE Adult's Travel Socks** - $7.99
- **CROFTON Double Wall Drink Bottle 500ml** - $9.99
- **EASY HOME Silicone Travel Shower Caddy** - $4.99
- **BAUHN Travel Adaptor Kit Assortment** - $29.99
- **BAUHN 27K Powerbank with Wireless Charge or 100W GaN Universal Charger** - $69.99
- **CYGNETT Advantage 3rd Generation Power Bank 10K** - $29.99

### Clothing & Fashion

#### Men's Wear
- **WEST BAY Mens Loafer** - $19.99
- **WEST BAY Men's Blazer** - $29.99
- **WEST BAY Men's Chino Pants** - $17.99
- **WEST BAY Braided Belt** - $9.99
- **WEST BAY Silk Tie** - $9.99
- **WEST BAY Men's Shirt** - $14.99

#### Ladies' Wear
- **SERRA Ladies Woven Flats** - $14.99
- **SERRA Ladies Midi Dress** - $24.99
- **SERRA Ladies Satin Bottoms** - $19.99
- **SERRA Ladies Lightweight Trench Coat** - $34.99
- **SERRA Satin Top** - $14.99
- **SERRA Seamless Underwear Bodysuit** - $12.99
- **SERRA Seamless Underwear Cami Dress** - $12.99
- **SERRA Seamless Underwear Shorts 2 Pack** - $12.99
- **SERRA Fashion Handbag** - $14.99
- **PROTANE Assorted Mum & Daughter Hair Accessories - Ladies** - $4.99

#### Children's Wear
- **LILY & DAN Children's Bucket Hat** - $7.99
- **LILY & DAN Children's Cap** - $7.99
- **LILY & DAN Children's Clogs with Badges** - $6.99
- **LILY & DAN Children's Party Dress** - $14.99
- **LILY & DAN Children's Top & Skirt Set** - $14.99
- **LILY & DAN Children's Ballet Flat or Loafer** - $14.99
- **LILY & DAN Children's Socks 5 Pack** - $5.99
- **LILY & DAN Children's Shirt & Pants Set** - $19.99
- **PROTANE Assorted Mum & Daughter Hair Accessories - Girls** - $4.99
- **LYTE. Children's Foldable Sunglasses** - $7.99

### Health & Wellness
- **FISIOCREM Fisiocrem 250g** - $29.99 ($12.00/100g)
- **AEQUI Magnesium Infused Bath Flakes 2kg** - $9.99 ($5.00/kg)
- **ESSENTIAL HEALTH Essential Oils 50ml** - $11.99 ($23.98/100ml) *(3 varieties)*
- **PAIN AWAY Pain Away 70g** - $12.99 ($12.99/100g)

### Specialty Meats
- **THE FISHMONGER Barramundi Portions 4 Pack 450g** - $14.99 ($33.31/kg)
- **BRUEMAR Marinated Pork Fillet Italian Style** - $9.12 (approx. 0.48kg, $18.99/kg)
- **PERFECTO Marinated Butter Chicken Tenderloins 800g** - $11.99 ($14.99/kg)
- **Hot Honey Pork Sausages 500g** - $7.99 ($15.98/kg)

### Beverages
- **ULRICH LANGGUTH Dry Mosel Riesling 2024** - $9.99
- **HOFBRAU Oktoberfestbier 500ml** - $4.99
- **HOFBRAU Helles Lager 4 Pack** - $14.99
- **HOFBRAU Session Lager 4 Pack 500ml** - $12.99
- **HOFBRAU Original 6 Pack 330ml** - $16.99
- **HOFBRAU Hefe Weizen 6 Pack 330ml** - $16.99
- **COCA-COLA Mini Cans Zero Sugar 15 Pack 250ml** - $14.99 ($4.00/L)
- **COCA-COLA Mini Cans Classic 15 Pack 250ml** - $14.99 ($4.00/L)

### Confectionery & Gifts
- **NESTLE Aero Mint 118g** - $3.49 ($2.96/100g)
- **NESTLE Aero Strawberry 118g** - $3.49 ($2.96/100g)
- **PEMBROOK Birthday Wrap 10 Metres** - $4.99
- **Picture Books** - $1.99

---

*Store: 2745, Glenmore Park*

*All prices and availability subject to stock. "While Stocks Last" applies to items from 30th August.*