# Drakes Supermarket Specials
**Valid: Wednesday 12/11/2025 to Tuesday 18/11/2025**

---

## üèéÔ∏è Hot Wheels Promotion
**Collect one car with every $60 spend**
*While stocks last, exclusions and T&Cs apply*

### Prize Packs
- **Major Prize Pack** (Valued at $4,000)
  - $1,000 Hot Wheels Mega Pack
  - $2,000 Mattel Gift Card
  - $1,000 Drakes Gift Card

- **5x Runner Up Prize Packs** (Valued at $1,200 each)
  - $1,000 Mattel Gift Card
  - $200 Hot Wheels Ultimate Garage

**Competition:** 6th October to 18th November 2025
**Entry:** Spend $40 and purchase a specially marked product to win

---

## Featured Deals

### Pantry & Groceries
| Product | Price | Savings | Unit Price |
|---------|-------|---------|------------|
| John West Tuna 95g | $3.10 ea | Save $1.70 | $10.00 per kg |
| Sunrice Australian Medium Grain Rice 5kg | $10.00 ea | Save $11.05 | - |
| Cadbury Old Gold Block Chocolate 176g-180g | $5.00 ea | Save $5.00 | $0.16 per 100g |
| Finish Ultimate Plus Dishwasher Tablets 31 Pack-72 Pack | $18.00 ea | - | - |
| Prime Hydration Bottle 500ml | $6.00 ea | - | $6.00 per litre |
| Gravox Gravy or Finishing Sauce Mix 120g-140g | $2.50 ea | Save $1.95 | - |
| Nescafe Espresso Concentrate 500ml | $5.00 ea | Save $3.30 | $1.54 per 100ml |
| Tilda Rice Cups 2 Pack or Pouch 250g | $5.00 ea | - | $1.15 per 100g |
| Golden Circle Fruit Drink 1lt | $2.00 ea | Save $1.35 | $1.35 per litre |
| Tamrna Pasta 500g | $2.00 ea | Save $2.40 | $0.47 per 100g |
| La Preziosa Tomato, Smokey or Spicy Barbecue Sauce 500ml | $2.40 ea | Save $2.00 | $0.58 per 100ml |
| MasterFoods Aussie Farmers Ardmona Diced, Crushed or Peeled Tomatoes 400g-410g | $1.60 ea | Save $1.00 | - |
| White Wings Baking Mixes 230g-560g | $3.00 ea | Save $2.50 | - |
| Sanitarium So Good High Protein Oat or Almond Milk 1lt | $3.00 ea | Save $1.00 | $3.00 per litre |
| Hellmann's Mayonnaise or Aioli 235g-252g | $3.00 ea | - | - |
| Uncle Tobys Plus Selected 620g-700g | $5.40 ea | Save $4.40 | - |
| Kellogg's Cereal 440g-745g | $5.00 ea | Save $4.80 | - |
| Vittoria Coffee Capsules 12 Pack | $5.60 ea | Save $4.40 | - |
| Nescafe Blend 43 or Gold 90g-150g | $10.00 ea | Save $4.50 | - |

### Snacking
| Product | Price | Savings | Unit Price |
|---------|-------|---------|------------|
| Kettle Chips 150g-165g | $3.00 ea | Save $3.00 | - |
| Tostitos Tortilla Chips 210g | $3.00 ea | - | - |
| Sunbites Quinoa or Veggie Crackers 105g-110g | $2.65 ea | Save $1.10 | - |
| Smith's Thinly Cut Chips 175g or Grainwaves 170g | $4.50 ea | Save $2.50 | - |
| Gullon 79.5% Sugar Free Biscuits 200g | $4.70 ea | Save $1.80 | - |
| Sunmin Barbecue Crackers 200g | $4.50 ea | - | - |
| Arnott's Shapes Minis 90g-150g | $2.25 ea | Save $2.75 | - |
| Arnott's Jatz or Savoy 225g | $2.10 ea | - | $1.02 per 100g |
| Yummy Salted or Unsalted Cashews 500g | $9.00 ea | - | $20.00 per kg |
| Smith's Crinkle Cut or Double Crunch Chips 150g-170g | $3.50 ea | - | - |
| Smith's Crackers 160g | $2.50 ea | - | $1.54 per 100g |
| Arnott's Cream Biscuits 200g-250g | $3.00 ea | Save $1.00 | - |

### Refreshments & Confectionery
| Product | Price | Savings | Unit Price |
|---------|-------|---------|------------|
| Monster Energy Drink Can 500ml | $3.25 ea | - | - |
| Monster Energy Drink 4x500ml | $8.00 ea | - | - |
| Pepsi or Schweppes 24x375ml | $8.50 ea | Save $8.50 | $2.75 per litre |
| Coca-Cola or Flavours 1.25lt | $2.50 ea | Save $1.50 | - |
| Coca-Cola 24x375ml | $12.60 ea | Save $17.15 | $2.78 per litre |
| Coca-Cola or Flavours 12x300ml | $10.00 ea | Save $10.00 | $2.80 per litre |
| Pepsi, Schweppes or Solo 1.25lt | $4.50 ea | Save $1.50 | - |
| Kirks Bottles 750ml | $3.50 ea | Save $1.50 | - |
| Lipton Iced Tea 1lt | $3.00 ea | Save $2.00 | - |
| Haribo Bags 140g-150g | $2.10 ea | Save $1.00 | - |
| Powerade 1lt | $2.80 ea | Save $2.80 | $2.80 per litre |
| Cadbury Favourites or Roses Tin 485g-549g | $15.00 ea | Save $15.00 | - |
| Cadbury Share Packs 120g-180g | $4.90 ea | Save $2.10 | - |

### Dairy & Refrigerated
| Product | Price | Savings | Unit Price |
|---------|-------|---------|------------|
| Cheer Cheese Slices 32 Pack 500g | $9.50 ea | - | $20.00 per kg |
| Mainland Cheese & Crackers 50g, Cheese & Artisan Crackers 50g | $2.50 ea | - | - |
| Devondale Spreadable 500g | $6.00 ea | - | $1.20 per 100g |
| Western Star Butter 500g | $7.00 ea | - | $1.54 per 100g |
| Philadelphia Cream Cheese Block 250g | $5.00 ea | - | $1.40 per kg |
| Don Bacon Short Cut Rindless 220g | $8.00 ea | - | $26.36 per kg |
| Primo Short Cut, Middle Rindless Bacon 500g or Salami or Ham 80g-100g | $10.00 ea | - | - |
| Primo Reserve Prosciutto 80g-100g | $4.00 ea | - | - |
| Yoplait Petit Miam Yoghurt 70g | $5.00 for 5 | - | $1.14 per 100g |
| Yoplait Petit Miam Yoghurt Pouch 70g | $1.48 ea | Save $1.50 | $1.14 per 100g |
| Gippsland Dairy Twist Yogurt 160g | $2.58 ea | Save $2.40 | $1.25 per 100g |
| Dairy Farmers Thick & Creamy Yoghurt 550g-600g | $5.00 ea | Save $2.10 | - |
| Gippsland Dairy Twist Yogurt 700g | $6.00 ea | Save $1.60 | $0.90 per 100g |
| Jalna Pot Set Yoghurt 2kg | $13.00 ea | Save $2.00 | $0.65 per 100g |
| Ice Break Flavoured Milk 500ml | $2.00 ea | Save $1.35 | $5.90 per litre |

### Deli
| Product | Price | Savings | Unit Price |
|---------|-------|---------|------------|
| Ham Tri Smoked | $24.00 kg | Save $6.00 | $24.00 per kg |
| Middle Bacon Rind Off | $14.00 kg | Save $5.50 | $14.00 per kg |
| Australian Fetta | $13.50 kg | Save $6.00 | $13.50 per kg |
| Australian Semi Dried Tomatoes | $19.90 kg | Save $4.00 | $19.90 per kg |
| Australian Chicken Drumsticks | $3.50 kg | Save $2.00 | $3.50 per kg |
| Australian Cooked Pork Belly Roast | $28.00 kg | Save $6.00 | $2.80 per 100g |
| Sun Valley Roast Beef | $30.00 kg | Save $6.00 | $30.00 per kg |
| Australian Chicken Schnitzel | $19.90 kg | Save $1.10 | $19.90 per kg |
| Atlantic Salmon Portions | $32.00 kg | Save $12.00 | $32.00 per kg |
| Seafood Marinara Mix | $14.90 kg | Save $3.95 | $14.90 per kg |
| Australian Beef Jerky | $68.50 kg | - | $68.50 per kg |
| Cocktail or Thin Franks | $8.50 ea | - | $68.50 per kg |
| Big Crunch Noodle Soup 380g | $3.50 ea | - | $2.11 per 100g |
| Big Crunch Onigiri Sushi Sandwich 110g | $3.50 ea | - | $3.18 per 100g |
| Thawed Smoked Cod Fillets | $15.90 kg | - | $15.90 per kg |
| La Casa Del Formaggio Cream Cheese 200g | $5.10 ea | - | $25.50 per kg |
| South Cape Peppered Brie 125g | $5.00 ea | - | $23.20 per kg |
| King Island Dairy Cheddar Cheese 170g | $8.00 ea | - | $52.45 per kg |
| Shale Point Truffle Ash Brie 200g | $9.90 ea | - | $49.50 per kg |
| OB Finest Specialty Crackers 130g-150g | $5.00 ea | Save $1.50 | - |
| Lemnos Halloumi Twin Pack 2x100g | $6.00 ea | Save $2.00 | $37.50 per kg |

### Meat & Seafood
| Product | Price | Savings | Unit Price |
|---------|-------|---------|------------|
| Australian Grain Fed Beef Porterhouse Steak - Bulk Tray | $35.00 kg | - | $35.00 per kg |
| Australian Lamb BBQ Chops - Min 1.2kg | $19.00 kg | - | $19.00 per kg |
| Australian Pork Leg Steaks - Bulk Tray | $12.50 kg | - | $12.50 per kg |
| Australian Beef Lean Mince - Min 1.2kg | $16.00 kg | Save $4.00 | $16.00 per kg |
| Bertocchi Mini Roast Leg Ham Portion | $18.00 kg | Save $3.50 | $18.00 per kg |
| Ingham's Creamy Garlic Stuffed Chicken Breast 700g | $15.00 ea | - | $21.43 per kg |
| Lilydale Free Range Chicken Breast - Bulk Tray | $18.00 kg | - | $18.00 per kg |

### Produce
| Product | Price | Savings | Unit Price |
|---------|-------|---------|------------|
| Australian Petite Tomatoes 200g, Qukes Baby Cucumbers 250g or Snacking Carrots 250g | $3.00 ea | - | - |
| Australian Blackberries or Raspberries 125g | $3.90 punnet | - | $31.20 per kg |
| Queensland Kent Pumpkin | $1.50 kg | - | $1.50 per kg |
| Australian Zucchini | $9.00 kg | - | $9.00 per kg |
| Australian Truss Tomatoes | $7.80 kg | Save 95¬¢ | $7.80 per kg |
| Dicky Bill Salad Leaves 100g | $4.50 ea | - | - |
| Australian Baby Cos Lettuce 2 Pack | $3.00 pk | - | - |
| Australian Chilli Group Chillies 20g-80g | $2.70 ea | - | - |
| Australian Mushrooms Sliced 500g | $6.00 pk | - | $12.00 per kg |

### Bakery & Easy Meals
| Product | Price | Savings | Unit Price |
|---------|-------|---------|------------|
| Happles Apple Bites 18g Varieties | $4.00 ea | - | $22.22 per 100g |
| Mini Jam or Custard Donuts 6 Pack | $3.75 ea | Save $1.00 | $0.66 each |
| Large Custard Tart 400g | $5.00 ea | Save $1.50 | $1.25 per 100g |
| Helga's Wraps 7 Pack-8 Pack 445g-508g | $4.00 ea | Save $1.50 | - |
| Perfection Maple & Bacon Crunch Salad Kit 370g | $5.00 pk | Save 95¬¢ | $13.51 per kg |
| Dusted Jam & Fresh Cream Sponge Cake 7 Inch | $5.95 ea | Save $1.55 | $5.95 each |
| Helga's Plus Health Bread 680g-700g Varieties | $5.00 ea | Save 90¬¢ | $1.33 per 100g |
| Artisan Sourdough Loaf | $6.00 ea | Save 50¬¢ | $1.59 per 100g |
| Greens Lamingtons 4 Pack 270g | $2.95 ea | Save $2.00 | - |
| My Muscle Chef Meals 300g-450g | $9.95 ea | Save $1.00 | - |
| Drakes International Nut Mix 500g | $11.00 pk | Save $4.50 | $22.00 per kg |
| Triple Chocolate Cookies 20 Pack | $6.00 ea | Save 95¬¢ | $0.30 each |
| Rustic White Roll 4 Pack | $2.00 for 2 | Save $1.00 | $1.00 each |
| Diamond Iced Mixed Cup Cakes 6 Pack | $8.00 ea | Save 55¬¢ | $1.11 each |
| Crunch Cakes 7 Inch | $5.00 ea | Save 50¬¢ | $5.00 each |
| Simply Tasty Meals 400g Varieties | $5.00 ea | Save $1.00 | $1.98 per 100g |

### Freezer
| Product | Price | Savings | Unit Price |
|---------|-------|---------|------------|
| Nestle Ice Cream Kit Kat Sticks, Oreo Wafer Cone or Cookie Sandwich 4 Pack | $6.00 ea | - | - |
| Cadbury Ice Cream Sticks 4 Pack-Mini 6 Pack 300ml-360ml | $6.00 ea | - | - |
| McCain Pub Size Meals 480g-500g | $4.25 ea | Save $1.90 | - |
| Rosanna Pizza 450g | $4.90 ea | Save 60¬¢ | $1.09 per 100g |
| Dr. Oetker Ristorante Thin & Crispy Pizza 310g-390g | $5.00 ea | Save $2.50 | - |
| Herbert Adams Slow Cooked or Gourmet Pies 2 Pack | $9.00 ea | Save $2.00 | - |
| McCain Mixed Vegetables, Peas & Super Juicy Corn, Baby Peas or Baby Beans 500g | $4.00 ea | - | $7.20 per kg |
| Dumpling 100 Dumplings 500g | $4.50 ea | Save $6.20 | $2.30 per 100g |
| Prawn Chiko Rolls 4 Pack or Corn Jacks 5 Pack | $5.60 ea | Save $1.90 | - |
| Birds Eye Golden Crunch Beer Batter Chips or Wedges 750g | $9.30 ea | Save $2.90 | - |
| Thomas Cappo Seafoods Cooked Prawn Cutlets (Tail On) 1kg | $16.50 ea | Save $14.45 | - |
| Thomas Cappo Crumbed Squid Rings 500g | $9.50 ea | Save $4.00 | $17.00 per kg |
| Bulla Creamy Classics Ice Cream 2lt | $9.50 ea | Save $5.50 | $0.30 per 100ml |
| Bulla Fro Yo Frozen Yoghurt 1lt | $5.50 ea | Save $5.50 | $0.55 per 100ml |
| Streets Golden Gaytime Ice Cream 4 Pack 400ml | $5.00 ea | Save $5.00 | $1.25 per 100ml |
| Cadbury Ice Cream Sticks 4 Pack-Mini 6 Pack 300ml-360ml | $6.00 ea | Save $6.00 | - |
| Peters Maxibon 4 Pack 560ml | $8.50 ea | Save $3.00 | $1.52 per 100ml |
| Nanna's Crumble 550g | $4.90 ea | Save $1.00 | $0.89 per 100g |

### Household
| Product | Price | Savings | Unit Price |
|---------|-------|---------|------------|
| Kleenex Complete Clean Toilet Tissue 9 Pack | $2.00 ea | - | $0.24 per 100 sheets |
| Palmolive Ultra Dishwashing Liquid 750ml | $3.75 ea | Save $4.75 | $0.50 per 100ml |
| Omo Ultimate or Expert Laundry Powder 2kg, Liquid 2lt or Capsules 28 Pack | $18.00 ea | Save $18.00 | - |
| Vanish NapiSan Gold Oxi Action Stain Remover 2kg or Gel 2lt | $16.00 ea | Save $16.00 | $2.00 per kg/litre |
| Ajax Antiviral Spray 750ml | $3.50 ea | Save $1.10 | $0.65 per 100ml |
| Easy Off BAM Bleach, Bathroom, Kitchen, Oven & BBQ Cleaner 750ml or Power Foam 590g | $4.50 ea | Save $3.40 | - |
| No Vac Foam Carpet Sanitiser & Deodoriser 290g | $4.50 ea | Save $2.00 | $1.55 per 100g |
| Wipex 100% Recycled Paper Towel 2 Pack | $3.95 ea | Save $1.95 | $1.58 per 100 sheets |
| I'care 100% Recycled Toilet Tissue 24 Pack | $13.00 ea | Save $3.00 | $0.24 per 100 sheets |
| Kleenex Soft & Thick Extra Comfort Tissues 120 Pack | $3.20 ea | Save 80¬¢ | $2.50 per 100 sheets |
| Selected Air Wick Products | - | - | - |

### Health, Beauty & Baby
| Product | Price | Savings | Unit Price |
|---------|-------|---------|------------|
| Huggies Skin Protect Nappies 94 Pack-108 Pack | $49.60 ea | Save $11.00 | - |
| Sensodyne Toothpaste 100g | $7.50 ea | Save $4.80 | $7.50 per 100g |
| Schwarzkopf Extra Care Shampoo or Conditioner 400ml | $5.00 ea | Save $5.00 | $1.25 per 100ml |
| Mortein Power Gard Expert's Insect Control Selected Products | $8.25 ea | Save $11.25 | - |
| Mortein Power Gard Expert's Multi Insect Bomb 3x125g | $19.00 ea | Save $10.00 | $3.00 per 100g |
| Mortein Automatic Spray Odourless Refill 154g | $9.50 ea | Save $5.50 | $6.49 per 100g |
| Selected Essano Products | $3.00 ea | Save $3.75 | - |
| Palmolive Naturals or Palmolive Men Body Wash 500ml | $5.00 ea | Save $5.00 | $0.75 per 100ml |
| Norsca Body Mist 200ml | $5.00 ea | Save $5.00 | $2.50 per 100ml |
| Huggies Skin Protect Nappies 96 Pack-108 Pack or Nappy Pants 40 Pack-58 Pack | $28.00 ea | Save $11.00 | - |
| Dove Body Wash 1lt | $9.50 ea | Save $9.50 | $0.95 per 100ml |
| Dove Beauty Cream Soap 4 Pack | $9.75 ea | Save $2.75 | - |
| Banana Boat Smart Mist SPF50+ 175g | $14.60 ea | - | - |

### Pet Food
| Product | Price | Savings | Unit Price |
|---------|-------|---------|------------|
| Nature's Gift Dog Food 2.5kg | $8.50 ea | Save $1.50 | $0.38 per 100g |
| Purina One Adult Chicken & Rice Dog Food 6kg | $40.00 ea | Save $12.60 | $0.49 per 100g |
| My Dog 6x 100g | $8.50 ea | Save $5.00 | $1.42 per 100g |
| Fussy Cat Dry Cat Food 2.5kg | $16.60 ea | Save $2.00 | $0.42 per 100g |
| Pedigree Dog Food 700g | $9.80 ea | Save $10.90 | $1.40 per 100g |
| Purina One Cat Food Pouch 70g | $4.40 ea | Save 70¬¢ | $2.00 per 100g |
| Purina Fancy Feast Cat Food 12x70g | $9.50 ea | Save $7.60 | $1.36 per 100g |
| Dine Creamy Treats Cat Food 4x12g | $5.50 ea | Save $1.50 | $5.21 per 100g |
| Pedigree Dentastix Dog Treats 7 Pack 110g-270g | $9.30 ea | Save $1.50 | $1.47 per 100g |
| Applaws Taste Toppers Dog Food 154g | $4.70 ea | Save $1.00 | $0.52 per 100g |
| Nature's Goodness Grain Free Complete Care Dog Food 3kg | $40.00 ea | Save $6.80 | - |

### General Merchandise
| Product | Price | Savings | Unit Price |
|---------|-------|---------|------------|
| Mortein Power Gard Flying Insect Killer Spray | $7.50 ea | Save $5.75 | - |
| Mortein Power Gard Barrier Outdoor Surface Spray | $8.75 ea | Save $8.75 | - |
| Mortein Pest Spray | $8.75 ea | Save $8.75 | - |
| Mortein Outdoor Barrier | $8.75 ea | Save $8.75 | - |
| Christmas Wrapping Paper Roll | - | Save $1.50 | - |
| Wrapping Paper Cutter | - | Save 50¬¢ | - |
| D√©cor Tellfresh Oblong Container 500ml | $4.50 ea | Save $2.25 | - |
| D√©cor Tellfresh Oblong Container 1lt | $5.50 ea | Save $2.75 | - |
| D√©cor Tellfresh Oblong Container 2lt | $7.00 ea | Save $3.50 | - |
| D√©cor Tellfresh Meat Storer With Rack 4lt | $15.50 ea | Save $7.75 | - |
| Premium Bon Bons 8 Pack | $10.00 ea | Save $5.00 | - |
| Festive Glass Mason Jar with Straw | $3.00 ea | Save $1.00 | - |
| K&C Foil Trays Assorted | $3.00 ea | Save $3.00 | - |
| Scotch Brite Handy Sponges 4 Pack | $3.80 ea | Save 50¬¢ | $0.88 each |
| Scotch Brite Sponge Scrub Non Scratch 3 Pack | $4.00 ea | Save $1.50 | $1.33 each |
| Tumbler with Straw | $5.00 ea | Save $2.00 | - |
| Wreath 40cm | $15.00 ea | - | - |

### Baking & Christmas
| Product | Price | Savings | Unit Price |
|---------|-------|---------|------------|
| Value Salted Butter 500g | $7.00 ea | - | $1.40 per 100g |
| Value Thickened Cream 600ml | $5.40 ea | - | $0.90 per 100ml |
| Lindt Festive Selection Box 225g | $12.00 ea | Save $8.00 | $8.89 per 100g |
| Cadbury Mini Frosted Baubles 80g | $3.50 ea | Save $1.50 | $4.38 per 100g |
| Cadbury Christmas Share Pack 124g-150g or Chocolate Fruit or Marshmallow Santa 5 Pack 175g | $4.50 ea | Save $2.50 | - |
| Cadbury Chocolate Fruit & Nut Jars 270g-340g | $7.00 ea | Save $6.50 | - |
| Value Shredded Coconut 200g | $2.00 ea | - | $10.00 per kg |
| Value Almond Meal 150g | $3.00 ea | Save 50¬¢ | $23.33 per kg |
| Cadbury Christmas Classics 415g | $10.00 ea | Save $10.10 | $2.39 per 100g |
| Darrell Lea Allsorts Gift Box 600g | $6.00 ea | Save $6.10 | $1.65 per 100g |
| Darrell Lea Soft Centres Gift Box 255g | $3.00 ea | Save $8.10 | $3.88 per 100g |
| Chupa Chups Mini Xmas Hex 132g | $4.00 ea | Save $1.50 | $3.03 per 100g |
| Value Pecan Nuts 120g | $4.00 ea | Save 95¬¢ | $33.33 per kg |
| Value Walnuts 140g | $3.00 ea | Save 50¬¢ | $21.43 per kg |
| Ferrero Rocher Star Chocolate Box 37.5g | $3.00 ea | Save 60¬¢ | $12.89 per 100g |
| Kinder Figure Hollow Xmas 35g | $3.00 ea | Save $3.00 | $8.57 per 100g |
| Vintage Luxury Candy Canes 144g | $4.50 ea | Save 50¬¢ | $3.74 per 100g |
| Nestle Kit Kat Candy Cane 252g | $5.90 ea | Save $2.10 | $2.34 per 100g |
| INCC Christmas Merry Mix 720g | $7.90 ea | Save $3.10 | $1.10 per 100g |
| Cadbury Advent Calendar 3D 312g | $12.90 ea | - | $4.78 per 100g |
| Toblerone Pralines Xmas Gift Box 45g | $2.50 ea | Save $5.10 | $7.78 per 100g |
| Nestle Kit Kat Kabin 949g | $25.00 ea | Save $10.00 | $2.63 per 100g |
| Lindt Teddy House 73g | $13.50 ea | Save $2.50 | $18.49 per 100g |
| Lindt Teddy Cloud Sweater 50g | $6.90 ea | Save 60¬¢ | $13.80 per 100g |
| Theory Cutie Mallow Advent Calendar 375g | $24.00 ea | Save $1.00 | $6.40 per 100g |
| Fruit Mince Filled Cookies 10 Pack | $4.00 pk | Save 50¬¢ | $0.40 each |
| Christmas Shortbread Star 10 Pack | $5.00 pk | Save 50¬¢ | $0.50 each |
| Fruit Mince White Truffle Tarts 4 Pack | $5.50 pk | Save 45¬¢ | $1.38 each |
| Bisko Trad Butter or Choc Chip Shortbread Fingers 150g | $3.00 ea | Save $1.50 | $2.00 per 100g |
| Inghams Turkey Thigh Roast Roll 1kg | $14.50 ea | Save $1.50 | $14.50 per kg |
| Inghams Frozen Buffet Turkey Breast 2.8kg | $38.00 ea | Save $1.50 | $13.54 per kg |
| Inghams Turkey Breast Roast Roll 2kg | $32.50 ea | Save $4.10 | $16.25 per kg |
| Inghams Self-Basting Turkey 3.4kg | $28.50 ea | Save $1.00 | $8.33 per kg |

---

## üéÆ Monster Energy UFC Promotion
**Buy any 2 Monster Energy 500ml or 355ml or 1x4 Pack**
**Scan QR code and enter your details online for your chance to win UFC gloves**

---

## üßº Win a Washing Machine
**With the purchase of any 2 OMO, Surf or Comfort products**
Visit www.drakes.com.au/competitions for full T&Cs to enter

---

## üéÅ Nestl√© NFL Promotion
**Official sponsor of the NFL in Australia**
**Buy any Hellmann's product and enter at winwithhellmanns.com.au**

---

*All specials available from 12/11/2025 to 18/11/2025 unless sold out earlier. Savings based on the lowest National metropolitan price. Some products may not be available at all stores.*
