# Drakes Supermarket Catalogue - Week 3/9/2025 to 9/9/2025

## Front Page Specials

### Featured Products
- **John West Tuna 95g** - $2.00 ea ($14.21 per kg)
- **Sanitarium Weet Bix 575g** - $2.20 ea ($0.38 per 100g)
- **Arnott's Shapes 130g-190g** - $2.00 ea
- **Gatorade Fast Twitch Energy Drinks 350ml, Gatorade or G Active 600ml** - $2.00 ea
- **Optimum Dog Food 2.5kg-3kg** - $11.50 ea

### Fresh Meat Specials
- **Australian Economy Beef Eye Fillet - Whole Unsliced** - $27.00 per kg
- **Thawed Value Atlantic Salmon Skin On (Deli Dept)** - $17.90 per kg

*Sale Period: Wednesday 3/9/2025 to Tuesday 9/9/2025*

---

## Page 2

### Drakes Gold Card Promotion
**WIN A $15,000 DRAKES GOLDCARD**
- 2x Drakes Gold Cards to be won. Total Prize pool valued at $30,000
- Purchase a specially marked product and spend $40 in one eligible transaction to enter
- Promotion valid 6/8/2025 to 16/9/2025
- Enter online or through the myDrakes App. T&C's apply visit drakes.com.au for full details

### Special Products
- **Gatorade Fast Twitch Energy** - $4.50 ea (SAVE $2.10)
- **Minute Maid** - $5.00 ea (SAVE $1)
- **Selected Kellogg's Cereal 450g-700g** - $6.00 ea (SAVE $3.40)
- **Praise Free Range Whole Egg** - $4.50 ea
- **Coca-Cola 24x375ml** - $27.50 ea ($2.75 per litre)
- **Wonder or Wonder 5 Star Bread 680g-700g** - $4.00 ea ($5.11 per kg)
- **Yoplait Yoghurt** - $3.00 ea ($0.45 per 100g)
- **Birds Eye Golden Crunch Chips 900g** - $4.50 ea

### Half Price Items
- **Glad Aluminium Foil 30mx30cm, Cling Wrap 80mx33cm or Bake & Cooking Paper 25mx30cm** - $1.25 ea (SAVE $2.25)
- **Johnson's Body Care Body Wash 1lt** - $2.25 ea (SAVE $2.25)
- **Optimum Dog Food 2.5kg-3kg** - $6.00 ea (SAVE $11.50)

*Drakes Specials Available from 3/9/2025 to 9/9/2025*

---

## Page 3 - Low Prices

### Great Value Products
- **Value Naturally Wood Smoked Ham** - $49.70 per kg
- **Value Crumbed Chicken** - $14.90 per kg (SAVE 80¢)
- **Grande Vita Passata 680g** - $1.50 ea ($0.25 per 100g)
- **So Natural Long Life Milk 1lt** - $1.50 ea per litre
- **Value Dips 200g** - $1.30 ea ($1.30 per 100g)
- **Value Ice Cream** - $1.50 ea ($0.23 per 100ml)

### Special Offers
- **Belair 27% Choc, Butternut or Stem Ginger** - $7.50 ea (SAVE $2)
- **Dr Clean Laundry Capsules 28 Pack** - $6.70 ea

---

## Page 4 - Father's Day Specials

### Featured Items
- **Short Cut Bacon** - $13.90 per kg (SAVE $7.10)
- **Slape & Sons BBQ Sauces or Oils 1.5kg** - $6.50 ea
- **McCain Hash Browns 750g** - $3.70 ea ($4.46 per kg) (SAVE 80¢)
- **Cadbury Choc Jar Range 270g-340g** - $3.75 ea (SAVE $6.50)
- **Bisko Butter Shortbread** - $5.70 ea (SAVE $3.10)

### Premium Products
- **Mighty Soft Raisin Toast 600g** - $3.70 ea ($0.62 per 100g) (SAVE $3.70)
- **Daily Juice Co Breakfast Juice 2lt** - $3.75 ea ($2.50 per litre) (SAVE $1)
- **Starbucks Coffee Capsules 10 Pack** - $5.90 ea (SAVE $1.90)
- **Darrell Lea Caramel Slice and Coconut Ice 180g** - $4.90 ea ($2.72 per 100g) (SAVE $2.70)
- **Anthon Berg Chocolate Liqueur 4 Piece 62g** - $8.70 ea ($14.35 per 100g) (SAVE $5.10)

### Half Price
- **Licenced T-Shirt Assorted** - $6.00 ea (SAVE $24)

---

## Page 5 - Premium Deli

### Competition
**Win a $1,500 Prize Package**
- Two night stay for two people at Rydges South Bank
- $500 voucher for Otto's Restaurant  
- Daily breakfast for two

**Buy 4 500g Block of Jarlsberg in-store & Enter Online**
- **Jarlsberg Original Cheese Block 500g** - $16.00 per kg
- Ends 30/09/2025. T&C's apply

### Deli Products
- **Triple Smoked Ham** - $34.00 per kg (SAVE $6)
- **Shaved Hot or Mild Salami or Sliced Pepperoni** - $28.00 per kg (SAVE $8)
- **Turkey Breast Plain or Herb & Mustard** - $26.00 per kg (SAVE $4.90)
- **Short Cut Bacon** - $13.90 per kg (SAVE $7.10)

### Seafood & Specialty
- **Thawed Australian Extra Large Raw Banana Prawns** - $22.00 per kg (SAVE $6)
- **Thawed Smoked Cod Fillets** - $15.70 per kg (SAVE $2.10)
- **Australian Marinated Chicken Nibbles** - $6.90 per kg (SAVE $2.10)
- **Green Olives filled with Fetta** - $26.00 per kg (SAVE $7)

---

## Page 6 - Deli & Meat

### Hot Food
- **Steggles Hot Extra Large Banquet BBQ Chicken** - $12.90 each

### Meat Specials
- **Australian Lamb Loin Chops - Bulk Tray** - $24.00 per kg (SAVE $2.10)
- **Slape & Sons BBQ Sausages 21 Pack 1.5kg** - $9.00 ea ($6.00 per kg) (SAVE $7)

### Premium Meat
- **Maggie Beer Pate 110g** - $4.30 ea ($57.27 per kg) (SAVE $1)
- **Tasmanian Heritage 4 Cheese Selection Platter 420g** - $14.85 ea ($35.40 per kg) (SAVE $5)
- **Australian Grain Fed Beef Texas OP Rib Steak** - $39.00 per kg (SAVE $10.50)
- **Ingham's Chicken Tenders 440g** - $6.50 ea ($14.77 per kg) (SAVE $3)
- **Australian Pork Scotch Fillet Steak** - $18.00 per kg (SAVE $3)

### Cheese & Dairy
- **Lemnos Fetta Cheese 180g** - $5.50 ea ($30.54 per kg) (SAVE $1.50)
- **OB Finest Specialty Crackers 130g-150g** - $2.50 ea (SAVE 50¢)

### Value Products
- **Australian Beef Lean Mince - Min 1.2kg** - $16.00 per kg (SAVE $2)
- **Slape & Sons Country Style or British Pork Chipolata 480g** - $6.00 ea ($12.50 per kg) (SAVE $1)
- **Ingham's Australian Whole Chicken or Chicken Burgers** - $3.90 per kg (SAVE $2.10)
- **Slape & Sons Aussie Beef Value Pack 800g** - $10.00 ea ($12.50 per kg) (SAVE $2)

---

## Page 7 - Produce

### Fresh Fruit
- **Queensland Red Papaya** - $3.20 each
- **Queensland Strawberries 250g** - $2.50 for 2 punnets ($10.00 per kg)

### Fresh Vegetables
- **Queensland Carrots 1kg Bag** - $4.70 ea ($4.70 per kg)
- **Queensland Whole Celery** - $9.90 ea
- **Queensland Pak Choy or Bok Choy 2 Pack** - $3.50 ea ($1.35 each)
- **Australian Brushed Potatoes 2kg** - $4.50 bag ($2.25 per kg)

### Premium Produce
- **Save Food Fight Waste Tomatoes 500g** - $1.70 ea ($5.00 per kg)
- **Queensland Sweet Corn 500g** - $3.90 pk ($7.80 per kg)
- **Queensland Broccoli** - $3.50 per kg
- **Australian Flat Mushrooms** - $11.50 per kg

---

## Page 8 - Produce, Bakery & Easy Meals

### Ready Meals
- **Simply Tasty Drakes Gourmet Salads 275g** - $4.40 ea ($16.00 per kg)
- **Mission Wraps 6 Pack-8 Pack 288g - 547g** - $4.00 ea
- **Vili's Traditional Pie, Pasty or Sausage Roll 150g-165g** - $4.00 ea

### Fresh Herbs & Bakery
- **Dicky Bill EZ Herbs 25g** - $2.35 for 2 (SAVE 90¢) ($10.00 per 100g)
- **Fresh Large Cream Sponge Cake 7 Inch** - $6.50 each (SAVE $1)
- **Fresh Cream Mini Trifle 1kg** - $9.00 ea ($0.90 per 100g) (SAVE $1.95)
- **Chocolate Croissants 6 Pack** - $4.00 ea ($0.67 each) (SAVE 50¢)

### Nuts & Fresh Pasta
- **Drakes Cashews 500g** - $12.00 ea ($24.00 per kg) (SAVE $4.65)
- **Toscano Brioche Burger Buns 4 Pack 200g** - $3.75 ea ($2.75 per 100g) (SAVE $1)
- **Tip Top Soft Thins 6 Pack 240g** - $3.00 ea ($1.25 per 100g) (SAVE 90¢)
- **Rustic White Diamond Rolls 4 Pack** - $1.00 each (SAVE $1)

### Half Price
- **San Remo Fresh Pasta Sauce 400g-425g** - $3.75 ea (SAVE $3.10)
- **San Remo Fresh Filled Pasta 350g** - $3.75 ea (SAVE $3.75) ($1.07 per 100g)

---

## Page 9 - Dairy

### Butter & Cheese
- **Western Star Butter 500g** - $6.30 ea
- **Devondale Spreadable 500g** - $6.00 ea ($1.20 per 100g)
- **Cheer Block Cheese 1kg** - $14.00 ea ($1.40 per 100g)
- **Bega Block Cheese 250g** - $6.30 ea ($25.20 per kg)

### Bacon & Specialty
- **Don Skinless Footy Franks 6 Pack 450g** - $6.30 ea (SAVE $1.60)
- **Great Value Rindless, Pan Size Double Smoked or Short Cut Rindless Bacon 180g-200g** - $4.72 ea (SAVE $1.10)
- **Flavoured Milk 2lt** - $5.90 ea ($2.95 per litre) (SAVE $4.80)

### Yogurt Products
- **Farmers Union Greek Style Yogurt 950g-1kg** - $5.90 ea (SAVE $1.90)
- **Great Value Greek Yogurt** - $2.50 ea (SAVE $1.60)
- **Chobani Yogurt** - $1.90 ea ($0.90 per 100g) (SAVE $2.10)

---

## Page 10 - Freezer

### Frozen Meals
- **Herbert Adams Slow Cooked or Gourmet Pies 2 Pack** - $6.50 ea (SAVE $3.50)
- **Patties Party Pack 30 Pieces 1.25kg** - $14.50 ea ($1.16 per 100g) (SAVE $3.50)
- **On The Menu Entree Meals 260g** - $5.00 ea ($1.35 per 100g) (SAVE $1)
- **Weight Watchers Meals 300g-320g** - $5.50 ea (SAVE $2)
- **McCain Red Box Meals 375g-400g** - $6.20 ea (SAVE $6.80)

### Ice Cream & Frozen Treats
- **Bulla Ice Cream 2lt** - $4.90 ea ($0.25 per 100ml) (SAVE $1.70)
- **McCain Family Pizza 490g-500g** - $5.80 ea (SAVE $6.60)
- **Connoisseur Ice Cream 1lt** - $9.00 ea ($0.90 per 100ml) (SAVE $2)

### Frozen Vegetables & Seafood
- **Thomas Cappo Seafoods Cooked Prawn Cutlets (Tail On) 500g** - $14.90 ea ($29.80 per kg) (SAVE $1.20)
- **Birds Eye Golden Crunch Chips 900g** - $4.60 ea ($5.11 per kg) (SAVE $1.40)
- **McCain Cauliflower, Brussel Sprouts, Sliced Beans or Broccoli 500g** - $3.60 ea ($7.20 per kg) (SAVE $1.60)

### Frozen Desserts
- **Nanna's Crumble 550g** - $4.50 ea ($0.82 per 100g) (SAVE $2.10)
- **Creative Gourmet Frozen Fruit 900g** - $8.00 ea ($8.89 per kg) (SAVE $4)
- **Streets Paddle Pops 8 Pack or Twister Mini 4 Pack** - $5.50 ea (SAVE $1.60)
- **Peters Original Twin Pole 8 Pack 544ml-590ml** - $5.50 ea ($0.95 per 100ml)

---

## Page 11 - Refreshments & Confectionery

### Chocolate & Confectionery
- **Toblerone 340g** - $9.50 ea (SAVE $1)
- **Pepsi, Pepsi Max 1.25lt** - $4.75 ea ($3.80 per litre) (SAVE $1.75)

### Drinks
- **Great Value Soft Drink** - $1.30 ea (SAVE $1.50)
- **Oxyshred Zero Sugar** - $49.50 ea (SAVE $17.15)
- **Coca-Cola 24x375ml** - $27.50 ea ($2.75 per litre) (SAVE $1.15)
- **Kirks 1.25lt** - $1.70 ea ($1.36 per litre) (SAVE $1.15)

### Premium Confectionery
- **Menz Violet Crumble Bags 130g-150g** - $5.50 ea (SAVE $3)
- **Menz Fruchocs 150g** - $9.50 ea ($6.33 per 100g) (SAVE $3.50)
- **V Energy Drinks 4x500ml** - $11.70 ea ($5.85 per litre) (SAVE $5.05)
- **Lindt Excellence Block Chocolate 80g-100g** - $5.50 ea (SAVE $3.55)
- **Cadbury Old Gold Block Chocolate 175g-180g** - $5.50 ea (SAVE $2.50)

---

## Page 12 - Snack Foods

### Chips & Crackers
- **Smith's Double Crunch, Crinkle or Thinly Cut Chips 150g-175g** - $4.50 ea (SAVE $2.50)
- **Smith's, Cheetos, Twisties, Parkers or Sunbites 8 Pack 80g-200g** - $4.50 ea ($1.50 per 100g) (SAVE $1.50)
- **Kettle Chips 150g-165g** - $4.50 ea (SAVE $1.50)
- **Poppin Microwave Popcorn 100g** - $2.15 ea ($2.15 per 100g)
- **Grainwaves Chips 170g** - $3.50 ea ($1.76 per 100g) (SAVE $2)
- **Cheezels 125g** - $2.50 ea ($2.00 per 100g) (SAVE $1)

### Premium Snacks
- **Popcorners 130g** - $4.90 ea ($2.23 per 100g) (SAVE $1.90)
- **Pringles Chips 118g-134g** - $3.50 ea (SAVE $2)
- **Twisties, Cheetos, Burger Rings or Toobs 125g-270g** - $3.50 ea (SAVE $1.50)
- **The Natural Confectionery Co 130g-230g or Sour Patch Kids 190g** - $3.50 ea (SAVE $1.50)
- **Life Savers Bags 150g-200g** - $2.50 ea (SAVE $2.50)

---

## Page 13 - Snacking

### Biscuits & Crackers
- **Arnott's Shapes 130g-190g** - $3.00 ea ($1.33 per 100g) (SAVE $1.95)
- **Smith's Crackers 160g** - $3.00 ea (SAVE $2)

### Health Snacks
- **Quest Protein Bars, Cookies or Peanut Butter Cups 42g-60g** - $3.50 ea ($2.67 per 100g) (SAVE $1.95)
- **Arnott's Snack Right Oaty Bites or Crispy Crackers 150g** - $3.50 ea ($2.33 per 100g) (SAVE $2)
- **Arnott's Cracker Chips or In A Biskit 145g-160g** - $3.50 ea (SAVE $1.70)
- **Sourdough Crisps 150g** - $3.50 ea (SAVE $1)
- **Yummy Salted or Unsalted Peanuts 500g** - $4.00 ea ($8.00 per kg) (SAVE $2)
- **Nobby's Pork Crackle 25g** - $1.50 ea ($6.00 per 100g)

### Premium Bars
- **Carman's Protein Bars 150g-200g** - $6.60 ea (SAVE $2.40)
- **Nice & Natural Nut Bars 180g-192g** - $6.50 ea (SAVE $1.50)

---

## Page 14 - Pantry

### Breakfast & Cereals
- **Selected Kellogg's Cereal 450g-700g** - $8.40 ea (SAVE $4.10)
- **Heinz Seriously Good Aioli** - $5.40 ea ($0.83 per 100ml) (SAVE $4.15)

### Pasta & Sauces
- **San Remo Pasta Family Pack 750g** - $1.75 ea ($0.40 per 100g) (SAVE $1.40)
- **Leggo's Pasta Sauce 490g-500g** - $2.85 ea (SAVE $1.85)
- **Grande Vita Passata 680g** - $2.15 ea ($0.25 per 100g) (SAVE 80¢)
- **KanTong Cooking Sauce 485g-520g** - $2.75 ea (SAVE $1.45)
- **Fantastic Noodle Cups or Bowls 70g-85g** - $1.75 ea (SAVE 75¢) ($0.40 per 100g)

### Cooking Essentials
- **Gravox Liquid Gravy or Finishing Sauce 165g** - $1.15 ea ($1.70 per 100g) (SAVE 70¢)
- **Cobram Estate Olive Oil 750ml** - $10.00 ea ($2.00 per 100ml) (SAVE $10)
- **Penfield Food Co White Vinegar 2lt** - $3.25 ea ($0.16 per 100ml) (SAVE $1.45)
- **Uncle Tobys Quick Oats or Porridge Sachets 280g-350g** - $4.45 ea (SAVE $1.30)
- **So Natural Long Life Milk 1lt** - $1.50 ea per litre

---

## Page 15 - Pantry

### Italian Products
- **Mutti Passata Tomato Puree 700g** - $2.30 ea ($0.47 per 100g) (SAVE $2)
- **Mutti Polpa Finely Chopped Tomatoes 400g** - $2.60 ea ($4.00 per kg) (SAVE $1.50)
- **Ben's Original Flavoured Rice Pouch 240g-250g** - $2.20 ea (SAVE 70¢)

### Coffee & Breakfast
- **Farmside 100% Australian Pure Honey 1kg** - $9.00 ea ($0.90 per 100g)
- **Uncle Tobys Cheerios 520g-560g** - $2.75 ea (SAVE $2.75)
- **Starbucks Coffee Capsules 10 Pack** - $7.70 ea
- **Nescafe Espresso Concentrate 500ml** - $7.70 ea ($1.54 per 100ml)

### Half Price
- **Sanitarium Weet-Bix 575g** - $2.20 ea ($0.38 per 100g)

### Value Products
- **Grande Vita Beans or Whole Peeled Tomatoes 400g** - $1.00 ea ($2.25 per kg)

---

## Page 16 - Health, Beauty & Baby

### Deodorants & Antiperspirants
- **Rexona Advanced Protection Antiperspirant** - $4.75 ea ($2.16 per 100ml) (SAVE $4.75)
- **Rexona Clinical Protect Antiperspirant** - $9.75 ea ($15.56 per 100ml) (SAVE $7)
- **Rexona Antiperspirant Deodorant Roll On 50ml** - $3.25 ea (SAVE $2.75) (SAVE $4.25)

### Men's Skincare
- **50% OFF Bulldog Products**
  - Beard Oil 30ml or Beard Balm 75ml
  - Face Scrub 125ml, Face Wash 150ml or Moisturiser 100ml

### Personal Care
- **Johnson's Body Care Body Wash 1lt** - $1.50 ea ($0.40 per 100ml) (SAVE $1.50)
- **Batiste Dry Shampoo 350ml** - $9.50 ea ($2.71 per 100ml)
- **Colgate Total Active Prevention Toothpaste 115g** - $3.50 ea ($3.04 per 100g)

### Health & Feminine Care
- **Zyrtec** - $16.00 ea (SAVE $16.00) *Always read the label and follow directions for use*
- **50% OFF Selected U By Kotex Products**
- **50% OFF Selected L'Oreal Products**

---

## Page 17 - General Merchandise

### Clothing - Bonds
- **Heat Holders Men's or Women's Socks Assorted** - $12.00 ea
- **Explorer Sock 2 Pack or Men's Wool Blend Crew Socks 1 Pack** - $8.00 ea (SAVE $8)
- **Mighty Tough Bonds Mens Chesty 1 Pack** - $8.00 ea (SAVE $8)
- **Bonds Men Trunk Total Package or Guy Front 1 Pack** - $13.00 ea (SAVE $13)
- **Bonds Men's Hipster or Action Brief 5 Pack** - $16.00 ea (SAVE $16)

### More Bonds Products
- **Heat Holders Men's Thermal Socks or Women's Beanies or Gloves Assorted** - $7.00 ea (SAVE $7)
- **Bonds Men's Xtemp Low Cut Socks 2 Pack or Oxford Socks 3 Pack** - $8.00 ea (SAVE $8)
- **Bonds Men's or Women's Logo Low Cut Socks 3 Pack** - $8.00 ea (SAVE $8)
- **Bonds Women's Comfy Crop 1 Pack** - $9.00 ea (SAVE $9)
- **Bonds Women's Hipster Bikini or Boyleg 2 Pack** - $12.00 ea (SAVE $12)

### Cleaning & Household
- **Glad Aluminium Foil 30mx30cm, Cling Wrap 80mx33cm or Bake & Cooking Paper 25mx30cm** - $6.25 ea (SAVE $2.25)
- **Scotch Brite Handy Sponges 4 Pack** - $1.00 ea ($1.00 each) (SAVE $1)
- **Scotch Brite Sponge Scrub Non Scratch 3 Pack** - $1.00 ea ($1.47 each) (SAVE $1)
- **Scrub Daddy Original or Scrub Mommy** - $4.50 ea (SAVE $1.45)
- **Scrub Daddy Dish Daddy** - $8.95 each (SAVE $2)
- **Vileda SuperMocio Mop & Bucket & Wringer or 3 Action Mop with Handle** - $10.00 ea (SAVE $10)

---

## Page 18 - Household

### Cleaning Products
- **Finish Powerball Ultimate Dishwasher Tablets 46 Pack** - $24.50 ea (SAVE $24.50)
- **Pine O Cleen Disinfectant Wipes 110 Pack** - $6.00 ea (SAVE $6) ($0.05 each)
- **Vanish NapiSan Gold Oxi Action Cleaner 2 Pack** - $18.00 ea (SAVE $18) ($9.00 per kg)
- **Harpic Power In The Bowl Toilet Cleaner** - $9.50 ea (SAVE $9.50) ($2.12 each)

### Laundry & Fabric Care
- **Glen 20 Disinfectant Spray 300g** - $6.90 ea (SAVE $1.90)
- **Fluffy Concentrated Fabric Conditioner 900ml-1lt** - $5.00 ea (SAVE $5) ($3.05 per litre)
- **CLR Cleaner 750ml** - $10.00 ea ($1.33 per 100ml) (SAVE 70¢)

### Paper Products
- **Kleenex Large & Thick Facial Tissues 75 Pack** - $5.80 ea
- **Ajax Eco Multipurpose Disinfectant Wipes 110 Pack** - $11.00 ea (SAVE $5.50)
- **Canesten Hygiene Laundry Rinse 1lt** - $10.50 per litre (SAVE $4.50)
- **Scotch Gard Protection Fabric & Upholstery Aerosol 350g** - $11.00 ea (SAVE $2.10)

### Half Price
- **Wipex 100% Recycled Paper Towel 2 Pack** - $1.58 per 100 sheets
- **Sorbent Thick & Soft 4ply Toilet Tissue 12 Pack** - $0.41 per 100 sheets
- **Cold Power Laundry Liquid** - $4.50 per litre

### Store Locations
**Where to find us:**
- Ashmore, Emu Park, Leafwood, Parkinson, Rochedale, Toowoomba
- Chinchilla, Hellywell Road, North Lakes, Regents Park, Sun Valley
- Samford

---

## Page 19 - Pet Food

### Dog Food
- **Pedigree Dog Food 2.5kg-3kg** - $25.00 ea
- **Purina Supercoat Dog Food 6.7kg-7kg** - $25.00 ea
- **Optimum Dog Food 400g** - $4.00 ea ($0.40 per 100g) (SAVE $2.50)
- **Optimum Dog Food 4x 100g** - $5.50 ea ($1.22 per 100g) (SAVE $1.05)
- **Whiskas Cat Food 800g** - $7.30 ea ($0.56 per 100g) (SAVE $2.50)

### Cat Food
- **Purina One Cat Food 450g** - $5.20 ea ($1.11 per 100g) (SAVE $3.20)
- **Purina Fancy Feast Cat Food 4x85g** - $4.00 ea ($1.18 per 100g) (SAVE $2.60)
- **Whiskas Cat Food 12x85g** - $7.50 ea ($0.74 per 100g)

### Pet Treats
- **Pedigree Dentastix** - $6.30 ea
- **Chewy Chunx Dog Treats 68g** - $3.00 ea ($4.41 per 100g)
- **Applaws Taste Toppers Dog Food 154g** - $2.50 ea ($1.54 per 100g)
- **Temptations Cat Treats 85g** - $3.80 ea ($4.47 per 100g)
- **4 Legs Gourmet Dog Food 1.3kg** - $5.50 ea ($0.42 per 100g)

---

## Page 20 - Back Cover

### Featured Products
- **Sakata Rice Crackers 80g-90g** - $1.00 ea ($1.11 per 100g)
- **Cadbury Share Packs 144g-180g** - $5.00 ea
- **Pantene Shampoo or Conditioner 900ml** - $18.00 ea ($0.32 per 100ml)
- **Pine O Cleen Disinfectant 1.25lt** - $6.00 ea
- **Omo Ultimate or Expert Laundry Liquid 2lt, Powder 2kg or Capsules 28 Pack** - $18.00 ea

*On Sale Wednesday 3/9/2025 to Tuesday 9/9/2025*

---

*Catalogue valid from 3/9/2025 to 9/9/2025*