=== PAGE 1 ===
URL: https://www.woolworths.com.au/shop/catalogue/view#view=list&saleId=62849&areaName=QLD
Scraped at: 2026-01-06T21:10:57.704313

Everyday & Other Services
Search eggs in stock
Lists &
Buy again
Log in or Sign up
My Account
View cart button
$0.00
           
          
           worth
           in total
        
Browse products
Specials & catalogue
undefined
Recipes & ideas
undefined
Get more value
undefined
Ways to shop
undefined
Help
undefined
Shop for business
Stores
Delivery to:
Set your Delivery address
Choose
Select a time:
View available times
Choose Time of Delivery. View available times
Choose
Home  /  Catalogues  /  Weekly Catalogue QLD
Home
Pages
Product List
Categories
Bookmarks
  Woolworths Beef, Pork or Chicken Sausage Varieties 550g Pk 10
Any 2 for $10.00
Save $3.00
$9.09 per kg
Special pricing for this catalogue is only available from Wednesday 7th January.
Offer valid Wed 7 Jan - Tue 13 Jan 2026
Pringles Potato Chips 118-134g
$2.75 each
1/2 Price, Save $2.75
Special pricing for this catalogue is only available from Wednesday 7th January.
Offer valid Wed 7 Jan - Tue 13 Jan 2026
V Energy Drink 4 x 500ml
$8.35 each
1/2 Price, Save $8.40
$4.18 per litre
Special pricing for this catalogue is only available from Wednesday 7th January.
Offer valid Wed 7 Jan - Tue 13 Jan 2026
Weis Bars 264-280ml Pk 4-6
$4.75 each
1/2 Price, Save $4.75
Special pricing for this catalogue is only available from Wednesday 7th January.
Offer valid Wed 7 Jan - Tue 13 Jan 2026
Peters Drumstick Ice Cream 475-490ml Pk 4-6 – Excludes Plant Based
$4.75 each
1/2 Price, Save $4.75
Special pricing for this catalogue is only available from Wednesday 7th January.
Offer valid Wed 7 Jan - Tue 13 Jan 2026
Coca-Cola Classic, Diet or Zero Sugar Soft Drink Varieties 30 x 375ml
$30.00 each
Save $10.00
$2.67 per litre
Special pricing for this catalogue is only available from Wednesday 7th January.
Offer valid Wed 7 Jan - Tue 13 Jan 2026
Australian Seedless Watermelon
$2.50 kg*
Special pricing for this catalogue is only available from Wednesday 7th January.
Offer valid Wed 7 Jan - Tue 13 Jan 2026
Australian Raspberries 125g Punnet
$3.50 pk
$28 per kg
Special pricing for this catalogue is only available from Wednesday 7th January.
Offer valid Wed 7 Jan - Tue 13 Jan 2026
Australian Blackberries 125g Punnet
$3.00 pk
$24 per kg
Special pricing for this catalogue is only available from Wednesday 7th January.
Offer valid Wed 7 Jan - Tue 13 Jan 2026
Australian Yellow or White Peaches
$3.50 kg*
Special pricing for this catalogue is only available from Wednesday 7th January.
Offer valid Wed 7 Jan - Tue 13 Jan 2026
Australian Red or Black Plums
$4.50 kg*
Special pricing for this catalogue is only available from Wednesday 7th January.
Offer valid Wed 7 Jan - Tue 13 Jan 2026
Australian White Seedless Grapes
$6.90 kg*
Special pricing for this catalogue is only available from Wednesday 7th January.
Offer valid Wed 7 Jan - Tue 13 Jan 2026
Previous
1
2
3
4
5
Next
Offer valid Wed 7 Jan - Tue 13 Jan 2026
» Terms and Conditions
powered by Salefinder.com.au

Back to top
Customer Service
Help & Support
Contact Us
Feedback
Product Safety
Product Recalls
Return Policy
Scam Warning
Shop Groceries Online
View My Account
Pick up
Delivery
Delivery Now
New to Online Shopping?
Shop for your Business
Useful Links
Store Locations & Trading Hours
Everyday Rewards
Recipes & Easy Dinner Ideas
Woolworths Catalogue
Our pricing
Meal Planner
Woolworths Fresh Magazine
Woolworths Apps
About Woolworths
Careers
Our Brands
Woolworths Group Privacy Centre
Community
Suppliers
Become an Affiliate
Corporate Responsibility
Our Partners
Connect on Social
Follow us on Instagram, Opens in a new window
Follow us on Facebook, Opens in a new window
Follow us on Pinterest, Opens in a new window
Follow us on Youtube, Opens in a new window
Follow us on Twitter, Opens in a new window
We acknowledge the Traditional Owners and Custodians of Country throughout Australia. We pay our respects to all First Nations peoples and acknowledge Elders past and present.
Read more about our commitment to reconciliation
Woolworths Group aims to create more inclusive access for team members and customers with disabilities.
Website accessibility
New South Wales | Liquor Act 2007: No alcohol can be sold or supplied to anyone under 18. It's against the law.

For all Woolworths Online liquor orders, Woolworths Group is acting as an agent on behalf of Endeavour Group Limited (ABN 77 159 767 843). Pricing (including any 'was' or 'strikethrough' price) displayed on the Woolworths website and app for these liquor products are provided by Endeavour Group and reflects pricing on their BWS website which is set by location. They do not, however, include particular specials, clearances and offers which are exclusive to BWS. For Everyday Market from Woolworths orders involving the sale of liquor, Woolworths Marketplace Pty Limited is acting as an agent on behalf of the relevant Everyday Market partner. Woolworths Online supports the Responsible Service of Alcohol. For liquor licence numbers visit the Liquor and Tobacco Licences page.

If you wish to voluntarily exclude yourself from being able to purchase alcohol from our site, you can find out more at our Alcohol Self Exclusion page.
© Woolworths Group Limited 1997-2025 - All Rights Reserved. Woolworths Group Privacy Policy Woolworths Group Cookies Statement Woolworths Collection Notice Terms & Conditions Accessibility
Feedback

================================================================================

=== PAGE 2 ===
URL: https://www.woolworths.com.au/shop/catalogue/view#view=list&saleId=62849&areaName=QLD&page=2
Scraped at: 2026-01-06T21:11:14.779113

Everyday & Other Services
Search seafood in stock
Lists &
Buy again
Log in or Sign up
My Account
View cart button
$0.00
           
          
           worth
           in total
        
Browse products
Specials & catalogue
undefined
Recipes & ideas
undefined
Get more value
undefined
Ways to shop
undefined
Help
undefined
Shop for business
Stores
Delivery to:
Set your Delivery address
Choose
Select a time:
View available times
Choose Time of Delivery. View available times
Choose
Home  /  Catalogues  /  Weekly Catalogue QLD
Home
Pages
Product List
Categories
Bookmarks
  Australian Cos Lettuce Hearts Pk 2
$2.50 pk
$1.25 per ea
Special pricing for this catalogue is only available from Wednesday 7th January.
Offer valid Wed 7 Jan - Tue 13 Jan 2026
Australian Sweet Corn 500g Pack
$3.50 pk
$7 per kg
Special pricing for this catalogue is only available from Wednesday 7th January.
Offer valid Wed 7 Jan - Tue 13 Jan 2026
Australian Mashing or Roasting Potatoes 1.5 kg Pack
$5.50 pk
$3.67 per kg
Special pricing for this catalogue is only available from Wednesday 7th January.
Offer valid Wed 7 Jan - Tue 13 Jan 2026
Woolworths Kale Slaw Kit 350g, Cranberry & Kale Slaw Kit 350g or Crunchy Noodle Slaw Kit 520g Pack
$5.00 pk
Save $0.50
Special pricing for this catalogue is only available from Wednesday 7th January.
Offer valid Wed 7 Jan - Tue 13 Jan 2026
Woolworths Cashews & Macadamias Roasted & Salted 400g
$9.50 each
Save $2.50
$23.75 per kg
Special pricing for this catalogue is only available from Wednesday 7th January.
Offer valid Wed 7 Jan - Tue 13 Jan 2026
Australian Mix-A-Mato® Tomatoes 320g Pack
$3.90 pk
Was $5.90
$12.19 per kg
Special pricing for this catalogue is only available from Wednesday 7th January.
Offer valid Wed 7 Jan - Tue 13 Jan 2026
Woolworths Australian Mixed Leaf with Carrot 300g Pack
$4.00 pk
Was $5.00
$13.33 per kg
Special pricing for this catalogue is only available from Wednesday 7th January.
Offer valid Wed 7 Jan - Tue 13 Jan 2026
Woolworths Australian Beef Burgers Classic, Stacker, Smash or Slider Varieties 400-500g
$7.50 each
Was $8.50
Special pricing for this catalogue is only available from Wednesday 7th January.
Offer valid Wed 7 Jan - Tue 13 Jan 2026
Woolworths Marinated Kebab Varieties with RSPCA Approved Chicken 750g Pk 12 – From the Meat Dept
$10.00 each
Save $1.50
$13.33 per kg
Special pricing for this catalogue is only available from Wednesday 7th January.
Offer valid Wed 7 Jan - Tue 13 Jan 2026
Woolworths Australian Corn Cobbettes 425g Pack
$3.90 pk
Was $5.90
$9.18 per kg
Special pricing for this catalogue is only available from Wednesday 7th January.
Offer valid Wed 7 Jan - Tue 13 Jan 2026
Pepsi or Pepsi Max Soft Drink 2 Litre
Everyday Low Price
$3.80 each
$1.90 per litre
Special pricing for this catalogue is only available from Wednesday 7th January.
Offer valid Wed 7 Jan - Tue 13 Jan 2026
Golden Circle Sliced Beetroot 450g
$1.90 each
Save $0.80
$4.22 per kg
Special pricing for this catalogue is only available from Wednesday 7th January.
Offer valid Wed 7 Jan - Tue 13 Jan 2026
Previous
1
2
3
4
5
Next
Offer valid Wed 7 Jan - Tue 13 Jan 2026
» Terms and Conditions
powered by Salefinder.com.au

Back to top
Customer Service
Help & Support
Contact Us
Feedback
Product Safety
Product Recalls
Return Policy
Scam Warning
Shop Groceries Online
View My Account
Pick up
Delivery
Delivery Now
New to Online Shopping?
Shop for your Business
Useful Links
Store Locations & Trading Hours
Everyday Rewards
Recipes & Easy Dinner Ideas
Woolworths Catalogue
Our pricing
Meal Planner
Woolworths Fresh Magazine
Woolworths Apps
About Woolworths
Careers
Our Brands
Woolworths Group Privacy Centre
Community
Suppliers
Become an Affiliate
Corporate Responsibility
Our Partners
Connect on Social
Follow us on Instagram, Opens in a new window
Follow us on Facebook, Opens in a new window
Follow us on Pinterest, Opens in a new window
Follow us on Youtube, Opens in a new window
Follow us on Twitter, Opens in a new window
We acknowledge the Traditional Owners and Custodians of Country throughout Australia. We pay our respects to all First Nations peoples and acknowledge Elders past and present.
Read more about our commitment to reconciliation
Woolworths Group aims to create more inclusive access for team members and customers with disabilities.
Website accessibility
New South Wales | Liquor Act 2007: No alcohol can be sold or supplied to anyone under 18. It's against the law.

For all Woolworths Online liquor orders, Woolworths Group is acting as an agent on behalf of Endeavour Group Limited (ABN 77 159 767 843). Pricing (including any 'was' or 'strikethrough' price) displayed on the Woolworths website and app for these liquor products are provided by Endeavour Group and reflects pricing on their BWS website which is set by location. They do not, however, include particular specials, clearances and offers which are exclusive to BWS. For Everyday Market from Woolworths orders involving the sale of liquor, Woolworths Marketplace Pty Limited is acting as an agent on behalf of the relevant Everyday Market partner. Woolworths Online supports the Responsible Service of Alcohol. For liquor licence numbers visit the Liquor and Tobacco Licences page.

If you wish to voluntarily exclude yourself from being able to purchase alcohol from our site, you can find out more at our Alcohol Self Exclusion page.
© Woolworths Group Limited 1997-2025 - All Rights Reserved. Woolworths Group Privacy Policy Woolworths Group Cookies Statement Woolworths Collection Notice Terms & Conditions Accessibility
Feedback

================================================================================

=== PAGE 3 ===
URL: https://www.woolworths.com.au/shop/catalogue/view#view=list&saleId=62849&areaName=QLD&page=3
Scraped at: 2026-01-06T21:11:31.867649

Everyday & Other Services
Search milk on special
Lists &
Buy again
Log in or Sign up
My Account
View cart button
$0.00
           
          
           worth
           in total
        
Browse products
Specials & catalogue
undefined
Recipes & ideas
undefined
Get more value
undefined
Ways to shop
undefined
Help
undefined
Shop for business
Stores
Delivery to:
Set your Delivery address
Choose
Select a time:
View available times
Choose Time of Delivery. View available times
Choose
Home  /  Catalogues  /  Weekly Catalogue QLD
Home
Pages
Product List
Categories
Bookmarks
  Woolworths Secret Burger Sauce 330ml
Everyday Low Price
$2.95 each
89¢ per 100ml
Special pricing for this catalogue is only available from Wednesday 7th January.
Offer valid Wed 7 Jan - Tue 13 Jan 2026
Bread Roll Varieties Pk 6^ – Excludes Jumbo & Brioche Roll Varieties
Everyday Low Price
$3.00 pk
50¢ per ea
Special pricing for this catalogue is only available from Wednesday 7th January.
Offer valid Wed 7 Jan - Tue 13 Jan 2026
Woolworths Premium Butcher Style Sausage Varieties 450-500g
Any 2 for $15.00
Save $3.00
Special pricing for this catalogue is only available from Wednesday 7th January.
Offer valid Wed 7 Jan - Tue 13 Jan 2026
Woolworths American Style Slaw Kit 450g or Classic Slaw Kit 500g Pack
$4.50 pk
Save $0.50
Special pricing for this catalogue is only available from Wednesday 7th January.
Offer valid Wed 7 Jan - Tue 13 Jan 2026
Australian Beef Rump, Porterhouse or Scotch Fillet Steak 170-250g
Any 2 for $16.00
Save $2.00
Special pricing for this catalogue is only available from Wednesday 7th January.
Offer valid Wed 7 Jan - Tue 13 Jan 2026
Riverina Haloumi 180g – From the Fridge
$5.80 each
Range was $6.60
$32.22 per kg
Special pricing for this catalogue is only available from Wednesday 7th January.
Offer valid Wed 7 Jan - Tue 13 Jan 2026
Woolworths Prepacked Salads 800g – Excludes Potato, Egg & Bacon 800g – From the Deli
$6.00 each
Range was $7.00
75¢ per 100g
Special pricing for this catalogue is only available from Wednesday 7th January.
Offer valid Wed 7 Jan - Tue 13 Jan 2026
Maretti Bruschette Chips 150g
Everyday Low Price
$3.00 each
$2 per 100g
Special pricing for this catalogue is only available from Wednesday 7th January.
Offer valid Wed 7 Jan - Tue 13 Jan 2026
Willow Farm Hommus Dip 1 kg – From the Fridge
Everyday Low Price
$6.50 each
65¢ per 100g
Special pricing for this catalogue is only available from Wednesday 7th January.
Offer valid Wed 7 Jan - Tue 13 Jan 2026
Rustic White Baguette#
Everyday Low Price
$2.50 each
Special pricing for this catalogue is only available from Wednesday 7th January.
Offer valid Wed 7 Jan - Tue 13 Jan 2026
Woolworths Stuffed Green Olives 935g
Everyday Low Price
$4.50 each
$4.81 per kg
Special pricing for this catalogue is only available from Wednesday 7th January.
Offer valid Wed 7 Jan - Tue 13 Jan 2026
Dairyworks Cheese Block 500g – From the Fridge
Everyday Low Price
$7.50 each
$15 per kg
Special pricing for this catalogue is only available from Wednesday 7th January.
Offer valid Wed 7 Jan - Tue 13 Jan 2026
Previous
1
2
3
4
5
Next
Offer valid Wed 7 Jan - Tue 13 Jan 2026
» Terms and Conditions
powered by Salefinder.com.au

Back to top
Customer Service
Help & Support
Contact Us
Feedback
Product Safety
Product Recalls
Return Policy
Scam Warning
Shop Groceries Online
View My Account
Pick up
Delivery
Delivery Now
New to Online Shopping?
Shop for your Business
Useful Links
Store Locations & Trading Hours
Everyday Rewards
Recipes & Easy Dinner Ideas
Woolworths Catalogue
Our pricing
Meal Planner
Woolworths Fresh Magazine
Woolworths Apps
About Woolworths
Careers
Our Brands
Woolworths Group Privacy Centre
Community
Suppliers
Become an Affiliate
Corporate Responsibility
Our Partners
Connect on Social
Follow us on Instagram, Opens in a new window
Follow us on Facebook, Opens in a new window
Follow us on Pinterest, Opens in a new window
Follow us on Youtube, Opens in a new window
Follow us on Twitter, Opens in a new window
We acknowledge the Traditional Owners and Custodians of Country throughout Australia. We pay our respects to all First Nations peoples and acknowledge Elders past and present.
Read more about our commitment to reconciliation
Woolworths Group aims to create more inclusive access for team members and customers with disabilities.
Website accessibility
New South Wales | Liquor Act 2007: No alcohol can be sold or supplied to anyone under 18. It's against the law.

For all Woolworths Online liquor orders, Woolworths Group is acting as an agent on behalf of Endeavour Group Limited (ABN 77 159 767 843). Pricing (including any 'was' or 'strikethrough' price) displayed on the Woolworths website and app for these liquor products are provided by Endeavour Group and reflects pricing on their BWS website which is set by location. They do not, however, include particular specials, clearances and offers which are exclusive to BWS. For Everyday Market from Woolworths orders involving the sale of liquor, Woolworths Marketplace Pty Limited is acting as an agent on behalf of the relevant Everyday Market partner. Woolworths Online supports the Responsible Service of Alcohol. For liquor licence numbers visit the Liquor and Tobacco Licences page.

If you wish to voluntarily exclude yourself from being able to purchase alcohol from our site, you can find out more at our Alcohol Self Exclusion page.
© Woolworths Group Limited 1997-2025 - All Rights Reserved. Woolworths Group Privacy Policy Woolworths Group Cookies Statement Woolworths Collection Notice Terms & Conditions Accessibility
Feedback

================================================================================

=== PAGE 4 ===
URL: https://www.woolworths.com.au/shop/catalogue/view#view=list&saleId=62849&areaName=QLD&page=4
Scraped at: 2026-01-06T21:11:48.999868

Everyday & Other Services
Search products, recipes & ideas
Search Everyday Market
Lists &
Buy again
Log in or Sign up
My Account
View cart button
$0.00
           
          
           worth
           in total
        
Browse products
Specials & catalogue
undefined
Recipes & ideas
undefined
Get more value
undefined
Ways to shop
undefined
Help
undefined
Shop for business
Stores
Delivery to:
Set your Delivery address
Choose
Select a time:
View available times
Choose Time of Delivery. View available times
Choose
Home  /  Catalogues  /  Weekly Catalogue QLD
Home
Pages
Product List
Categories
Bookmarks
  Thomas Dux English Red Leicester 200g – From the Deli
Everyday Low Price
$4.80 each
$24 per kg
Special pricing for this catalogue is only available from Wednesday 7th January.
Offer valid Wed 7 Jan - Tue 13 Jan 2026
OB Finest Quince Paste 100g – From the Deli
Everyday Low Price
$5.50 each
$55 per kg
Special pricing for this catalogue is only available from Wednesday 7th January.
Offer valid Wed 7 Jan - Tue 13 Jan 2026
Woolworths Tasty Cheese & Cabanossi Bites 400g – From the Deli
Everyday Low Price
$9.00 each
$22.50 per kg
Special pricing for this catalogue is only available from Wednesday 7th January.
Offer valid Wed 7 Jan - Tue 13 Jan 2026
Woolworths Vegetable Cocktail Spring Rolls 1 kg Pk 60 – From the Freezer
Everyday Low Price
$6.50 each
65¢ per 100g
Special pricing for this catalogue is only available from Wednesday 7th January.
Offer valid Wed 7 Jan - Tue 13 Jan 2026
Woolworths Asian Selection 720g Pk 24 – From the Freezer
Everyday Low Price
$6.50 each
90¢ per 100g
Special pricing for this catalogue is only available from Wednesday 7th January.
Offer valid Wed 7 Jan - Tue 13 Jan 2026
Woolworths Chicken Breast Nuggets 400g – From the Freezer
Everyday Low Price
$4.40 each
$11 per kg
Special pricing for this catalogue is only available from Wednesday 7th January.
Offer valid Wed 7 Jan - Tue 13 Jan 2026
Temptation Bakeries Petite Quiches 500g Pk 30 – From the Freezer
Everyday Low Price
$10.50 each
$2.10 per 100g
Special pricing for this catalogue is only available from Wednesday 7th January.
Offer valid Wed 7 Jan - Tue 13 Jan 2026
Woolworths Steakhouse Chips 900g – From the Freezer
Everyday Low Price
$4.50 each
$5 per kg
Special pricing for this catalogue is only available from Wednesday 7th January.
Offer valid Wed 7 Jan - Tue 13 Jan 2026
Woolworths Mini Cheese & Spinach Pastry Rolls 750g Pk 16 – From the Freezer
Everyday Low Price
$9.70 each
$1.29 per 100g
Special pricing for this catalogue is only available from Wednesday 7th January.
Offer valid Wed 7 Jan - Tue 13 Jan 2026
Paper Mate Kilometrico Ballpoint Pens Business Assorted Pk 10
$2.25 each
Better than 1/2 Price, Save $2.75
Special pricing for this catalogue is only available from Wednesday 7th January.
Offer valid Wed 7 Jan - Tue 13 Jan 2026
Staedtler Natural Graphite Pencils HB Pk 5
$2.25 each
1/2 Price, Save $2.25
Special pricing for this catalogue is only available from Wednesday 7th January.
Offer valid Wed 7 Jan - Tue 13 Jan 2026
Staedtler Rasoplast Erasers Pk 2
$2.25 each
1/2 Price, Save $2.25
Special pricing for this catalogue is only available from Wednesday 7th January.
Offer valid Wed 7 Jan - Tue 13 Jan 2026
Previous
2
3
4
5
6
Next
Offer valid Wed 7 Jan - Tue 13 Jan 2026
» Terms and Conditions
powered by Salefinder.com.au

Back to top
Customer Service
Help & Support
Contact Us
Feedback
Product Safety
Product Recalls
Return Policy
Scam Warning
Shop Groceries Online
View My Account
Pick up
Delivery
Delivery Now
New to Online Shopping?
Shop for your Business
Useful Links
Store Locations & Trading Hours
Everyday Rewards
Recipes & Easy Dinner Ideas
Woolworths Catalogue
Our pricing
Meal Planner
Woolworths Fresh Magazine
Woolworths Apps
About Woolworths
Careers
Our Brands
Woolworths Group Privacy Centre
Community
Suppliers
Become an Affiliate
Corporate Responsibility
Our Partners
Connect on Social
Follow us on Instagram, Opens in a new window
Follow us on Facebook, Opens in a new window
Follow us on Pinterest, Opens in a new window
Follow us on Youtube, Opens in a new window
Follow us on Twitter, Opens in a new window
We acknowledge the Traditional Owners and Custodians of Country throughout Australia. We pay our respects to all First Nations peoples and acknowledge Elders past and present.
Read more about our commitment to reconciliation
Woolworths Group aims to create more inclusive access for team members and customers with disabilities.
Website accessibility
New South Wales | Liquor Act 2007: No alcohol can be sold or supplied to anyone under 18. It's against the law.

For all Woolworths Online liquor orders, Woolworths Group is acting as an agent on behalf of Endeavour Group Limited (ABN 77 159 767 843). Pricing (including any 'was' or 'strikethrough' price) displayed on the Woolworths website and app for these liquor products are provided by Endeavour Group and reflects pricing on their BWS website which is set by location. They do not, however, include particular specials, clearances and offers which are exclusive to BWS. For Everyday Market from Woolworths orders involving the sale of liquor, Woolworths Marketplace Pty Limited is acting as an agent on behalf of the relevant Everyday Market partner. Woolworths Online supports the Responsible Service of Alcohol. For liquor licence numbers visit the Liquor and Tobacco Licences page.

If you wish to voluntarily exclude yourself from being able to purchase alcohol from our site, you can find out more at our Alcohol Self Exclusion page.
© Woolworths Group Limited 1997-2025 - All Rights Reserved. Woolworths Group Privacy Policy Woolworths Group Cookies Statement Woolworths Collection Notice Terms & Conditions Accessibility
Feedback

================================================================================

=== PAGE 5 ===
URL: https://www.woolworths.com.au/shop/catalogue/view#view=list&saleId=62849&areaName=QLD&page=5
Scraped at: 2026-01-06T21:12:06.089660

Everyday & Other Services
Search stone fruit in stock
Search sunscreen on special
Lists &
Buy again
Log in or Sign up
My Account
View cart button
$0.00
           
          
           worth
           in total
        
Browse products
Specials & catalogue
undefined
Recipes & ideas
undefined
Get more value
undefined
Ways to shop
undefined
Help
undefined
Shop for business
Stores
Delivery to:
Set your Delivery address
Choose
Select a time:
View available times
Choose Time of Delivery. View available times
Choose
Home  /  Catalogues  /  Weekly Catalogue QLD
Home
Pages
Product List
Categories
Bookmarks
  Elmer’s School Glue 225ml
$3.50 each
1/2 Price, Save $3.50
Special pricing for this catalogue is only available from Wednesday 7th January.
Offer valid Wed 7 Jan - Tue 13 Jan 2026
Stabilo Boss Original Highlighters Pk 4
$5.60 each
Save $3.80
Special pricing for this catalogue is only available from Wednesday 7th January.
Offer valid Wed 7 Jan - Tue 13 Jan 2026
Staedtler Coloured Pencils Tin Pk 36
$8.00 each
1/2 Price, Save $8.00
Special pricing for this catalogue is only available from Wednesday 7th January.
Offer valid Wed 7 Jan - Tue 13 Jan 2026
Dymo LetraTag Tape Paper White Pk 2
$12.75 each
Save $4.25
Special pricing for this catalogue is only available from Wednesday 7th January.
Offer valid Wed 7 Jan - Tue 13 Jan 2026
Dymo LetraTag Tape Plastic White Pk 1
$12.95 each
Save $5.55
Special pricing for this catalogue is only available from Wednesday 7th January.
Offer valid Wed 7 Jan - Tue 13 Jan 2026
Dymo LetraTag Labelling Machine Pk 1
$27.50 each
1/2 Price, Save $27.50
Special pricing for this catalogue is only available from Wednesday 7th January.
Offer valid Wed 7 Jan - Tue 13 Jan 2026
Dairy Farmers Thick & Creamy Yoghurt 140-150g – From the Fridge
$1.45 each
1/2 Price, Save $1.50
Special pricing for this catalogue is only available from Wednesday 7th January.
Offer valid Wed 7 Jan - Tue 13 Jan 2026
Golden Crumpet Rounds Pk 6
$2.40 pk
1/2 Price, Save $2.40
40¢ per ea
Special pricing for this catalogue is only available from Wednesday 7th January.
Offer valid Wed 7 Jan - Tue 13 Jan 2026
Kellogg’s Nutri-Grain 290g or Froot Loops 285g
$3.50 each
1/2 Price, Save $3.50
Special pricing for this catalogue is only available from Wednesday 7th January.
Offer valid Wed 7 Jan - Tue 13 Jan 2026
Kellogg’s Just Right 460g or Sultana Bran 420g
$3.75 each
1/2 Price, Save $3.75
Special pricing for this catalogue is only available from Wednesday 7th January.
Offer valid Wed 7 Jan - Tue 13 Jan 2026
Nestlé Milo Frothy Pk 8
$4.30 pk
1/2 Price, Save $4.30
54¢ per ea
Special pricing for this catalogue is only available from Wednesday 7th January.
Offer valid Wed 7 Jan - Tue 13 Jan 2026
Good Earth Oils Extra Virgin Canola Oil 4 Litre
$19.00 each
1/2 Price, Save $19.00
48¢ per 100ml
Special pricing for this catalogue is only available from Wednesday 7th January.
Offer valid Wed 7 Jan - Tue 13 Jan 2026
Previous
3
4
5
6
7
Next
Offer valid Wed 7 Jan - Tue 13 Jan 2026
» Terms and Conditions
powered by Salefinder.com.au

Back to top
Customer Service
Help & Support
Contact Us
Feedback
Product Safety
Product Recalls
Return Policy
Scam Warning
Shop Groceries Online
View My Account
Pick up
Delivery
Delivery Now
New to Online Shopping?
Shop for your Business
Useful Links
Store Locations & Trading Hours
Everyday Rewards
Recipes & Easy Dinner Ideas
Woolworths Catalogue
Our pricing
Meal Planner
Woolworths Fresh Magazine
Woolworths Apps
About Woolworths
Careers
Our Brands
Woolworths Group Privacy Centre
Community
Suppliers
Become an Affiliate
Corporate Responsibility
Our Partners
Connect on Social
Follow us on Instagram, Opens in a new window
Follow us on Facebook, Opens in a new window
Follow us on Pinterest, Opens in a new window
Follow us on Youtube, Opens in a new window
Follow us on Twitter, Opens in a new window
We acknowledge the Traditional Owners and Custodians of Country throughout Australia. We pay our respects to all First Nations peoples and acknowledge Elders past and present.
Read more about our commitment to reconciliation
Woolworths Group aims to create more inclusive access for team members and customers with disabilities.
Website accessibility
New South Wales | Liquor Act 2007: No alcohol can be sold or supplied to anyone under 18. It's against the law.

For all Woolworths Online liquor orders, Woolworths Group is acting as an agent on behalf of Endeavour Group Limited (ABN 77 159 767 843). Pricing (including any 'was' or 'strikethrough' price) displayed on the Woolworths website and app for these liquor products are provided by Endeavour Group and reflects pricing on their BWS website which is set by location. They do not, however, include particular specials, clearances and offers which are exclusive to BWS. For Everyday Market from Woolworths orders involving the sale of liquor, Woolworths Marketplace Pty Limited is acting as an agent on behalf of the relevant Everyday Market partner. Woolworths Online supports the Responsible Service of Alcohol. For liquor licence numbers visit the Liquor and Tobacco Licences page.

If you wish to voluntarily exclude yourself from being able to purchase alcohol from our site, you can find out more at our Alcohol Self Exclusion page.
© Woolworths Group Limited 1997-2025 - All Rights Reserved. Woolworths Group Privacy Policy Woolworths Group Cookies Statement Woolworths Collection Notice Terms & Conditions Accessibility
Feedback

================================================================================

=== PAGE 6 ===
URL: https://www.woolworths.com.au/shop/catalogue/view#view=list&saleId=62849&areaName=QLD&page=6
Scraped at: 2026-01-06T21:12:23.175847

Everyday & Other Services
Search eggs in stock
Lists &
Buy again
Log in or Sign up
My Account
View cart button
$0.00
           
          
           worth
           in total
        
Browse products
Specials & catalogue
undefined
Recipes & ideas
undefined
Get more value
undefined
Ways to shop
undefined
Help
undefined
Shop for business
Stores
Delivery to:
Set your Delivery address
Choose
Select a time:
View available times
Choose Time of Delivery. View available times
Choose
Home  /  Catalogues  /  Weekly Catalogue QLD
Home
Pages
Product List
Categories
Bookmarks
  Oreo or Oreo Double Stuff Cookies 128-131g
$1.50 each
1/2 Price, Save $1.50
Special pricing for this catalogue is only available from Wednesday 7th January.
Offer valid Wed 7 Jan - Tue 13 Jan 2026
Gatorade Sports Drink or G-Active Flavoured Water 600ml
$2.10 each
1/2 Price, Save $2.10
$3.50 per litre
Special pricing for this catalogue is only available from Wednesday 7th January.
Offer valid Wed 7 Jan - Tue 13 Jan 2026
Ritz Crackers 227g
$1.75 each
1/2 Price, Save $1.75
77¢ per 100g
Special pricing for this catalogue is only available from Wednesday 7th January.
Offer valid Wed 7 Jan - Tue 13 Jan 2026
Doritos Corn Chips 150-170g
$2.50 each
1/2 Price, Save $2.50
Special pricing for this catalogue is only available from Wednesday 7th January.
Offer valid Wed 7 Jan - Tue 13 Jan 2026
Coca-Cola, Sprite or Fanta Soft Drink Varieties 10 x 375ml
$12.00 each
40% off, Save $8.00
$3.20 per litre
Special pricing for this catalogue is only available from Wednesday 7th January.
Offer valid Wed 7 Jan - Tue 13 Jan 2026
Pepsi Max, Mountain Dew, Solo Zero Sugar or Sunkist Zero Sugar Soft Drink Varieties 24 x 375ml
$21.00 each
40% off, Save $16.50
$2.33 per litre
Special pricing for this catalogue is only available from Wednesday 7th January.
Offer valid Wed 7 Jan - Tue 13 Jan 2026
Woolworths Country Style Hot Roast Chicken with RSPCA Approved Chicken & a Coca-Cola, Sprite, Fanta or Mount Franklin Variety 1.25 Litre
$13.50 combo
Special pricing for this catalogue is only available from Wednesday 7th January.
Offer valid Wed 7 Jan - Tue 13 Jan 2026
Thankyou Body Wash 1 Litre
$8.95 each
1/2 Price, Save $9.00
90¢ per 100ml
Special pricing for this catalogue is only available from Wednesday 7th January.
Offer valid Wed 7 Jan - Tue 13 Jan 2026
Thankyou Hand & Body Wash Refill 1 Litre
$8.95 each
1/2 Price, Save $9.00
90¢ per 100ml
Special pricing for this catalogue is only available from Wednesday 7th January.
Offer valid Wed 7 Jan - Tue 13 Jan 2026
Garnier Fructis Hair Food 390ml
$7.50 each
1/2 Price, Save $7.50
$1.92 per 100ml
Special pricing for this catalogue is only available from Wednesday 7th January.
Offer valid Wed 7 Jan - Tue 13 Jan 2026
Garnier Fructis Shampoo or Conditioner 315ml
$4.00 each
1/2 Price, Save $4.00
$1.27 per 100ml
Special pricing for this catalogue is only available from Wednesday 7th January.
Offer valid Wed 7 Jan - Tue 13 Jan 2026
Dove Deodorant 72 hr 250ml
$5.75 each
1/2 Price, Save $5.75
$2.30 per 100ml
Special pricing for this catalogue is only available from Wednesday 7th January.
Offer valid Wed 7 Jan - Tue 13 Jan 2026
Previous
4
5
6
7
8
Next
Offer valid Wed 7 Jan - Tue 13 Jan 2026
» Terms and Conditions
powered by Salefinder.com.au

Back to top
Customer Service
Help & Support
Contact Us
Feedback
Product Safety
Product Recalls
Return Policy
Scam Warning
Shop Groceries Online
View My Account
Pick up
Delivery
Delivery Now
New to Online Shopping?
Shop for your Business
Useful Links
Store Locations & Trading Hours
Everyday Rewards
Recipes & Easy Dinner Ideas
Woolworths Catalogue
Our pricing
Meal Planner
Woolworths Fresh Magazine
Woolworths Apps
About Woolworths
Careers
Our Brands
Woolworths Group Privacy Centre
Community
Suppliers
Become an Affiliate
Corporate Responsibility
Our Partners
Connect on Social
Follow us on Instagram, Opens in a new window
Follow us on Facebook, Opens in a new window
Follow us on Pinterest, Opens in a new window
Follow us on Youtube, Opens in a new window
Follow us on Twitter, Opens in a new window
We acknowledge the Traditional Owners and Custodians of Country throughout Australia. We pay our respects to all First Nations peoples and acknowledge Elders past and present.
Read more about our commitment to reconciliation
Woolworths Group aims to create more inclusive access for team members and customers with disabilities.
Website accessibility
New South Wales | Liquor Act 2007: No alcohol can be sold or supplied to anyone under 18. It's against the law.

For all Woolworths Online liquor orders, Woolworths Group is acting as an agent on behalf of Endeavour Group Limited (ABN 77 159 767 843). Pricing (including any 'was' or 'strikethrough' price) displayed on the Woolworths website and app for these liquor products are provided by Endeavour Group and reflects pricing on their BWS website which is set by location. They do not, however, include particular specials, clearances and offers which are exclusive to BWS. For Everyday Market from Woolworths orders involving the sale of liquor, Woolworths Marketplace Pty Limited is acting as an agent on behalf of the relevant Everyday Market partner. Woolworths Online supports the Responsible Service of Alcohol. For liquor licence numbers visit the Liquor and Tobacco Licences page.

If you wish to voluntarily exclude yourself from being able to purchase alcohol from our site, you can find out more at our Alcohol Self Exclusion page.
© Woolworths Group Limited 1997-2025 - All Rights Reserved. Woolworths Group Privacy Policy Woolworths Group Cookies Statement Woolworths Collection Notice Terms & Conditions Accessibility
Feedback

================================================================================

=== PAGE 7 ===
URL: https://www.woolworths.com.au/shop/catalogue/view#view=list&saleId=62849&areaName=QLD&page=7
Scraped at: 2026-01-06T21:12:40.260320

Everyday & Other Services
Search seafood in stock
Lists &
Buy again
Log in or Sign up
My Account
View cart button
$0.00
           
          
           worth
           in total
        
Browse products
Specials & catalogue
undefined
Recipes & ideas
undefined
Get more value
undefined
Ways to shop
undefined
Help
undefined
Shop for business
Stores
Delivery to:
Set your Delivery address
Choose
Select a time:
View available times
Choose Time of Delivery. View available times
Choose
Home  /  Catalogues  /  Weekly Catalogue QLD
Home
Pages
Product List
Categories
Bookmarks
  OGX Shampoo or Conditioner 385ml
$11.50 each
1/2 Price, Save $11.50
$2.99 per 100ml
Special pricing for this catalogue is only available from Wednesday 7th January.
Offer valid Wed 7 Jan - Tue 13 Jan 2026
Stayfree Ultra Thin Pads Pk 10-16
$3.00 each
1/2 Price, Save $3.00
Special pricing for this catalogue is only available from Wednesday 7th January.
Offer valid Wed 7 Jan - Tue 13 Jan 2026
Garnier Olia Hair Colour
$12.00 each
1/2 Price, Save $12.00
$12 per ea
Special pricing for this catalogue is only available from Wednesday 7th January.
Offer valid Wed 7 Jan - Tue 13 Jan 2026
Toni & Guy Shampoo or Conditioner 600ml
$15.00 each
1/2 Price, Save $15.00
$2.50 per 100ml
Special pricing for this catalogue is only available from Wednesday 7th January.
Offer valid Wed 7 Jan - Tue 13 Jan 2026
The Man Bar 50g#
$2.25 each
1/2 Price, Save $2.25
$4.50 per 100g
Special pricing for this catalogue is only available from Wednesday 7th January.
Offer valid Wed 7 Jan - Tue 13 Jan 2026
The Lady Bar 50g#
$2.25 each
1/2 Price, Save $2.25
$4.50 per 100g
Special pricing for this catalogue is only available from Wednesday 7th January.
Offer valid Wed 7 Jan - Tue 13 Jan 2026
Famous Nutrition Protein + Creatine Bar 60g#
$2.45 each
1/2 Price, Save $2.45
$4.08 per 100g
Special pricing for this catalogue is only available from Wednesday 7th January.
Offer valid Wed 7 Jan - Tue 13 Jan 2026
Quest Protein Bar 60g#
$2.70 each
1/2 Price, Save $2.70
$4.50 per 100g
Special pricing for this catalogue is only available from Wednesday 7th January.
Offer valid Wed 7 Jan - Tue 13 Jan 2026
Quest Protein Cookie 58-59g#
$2.70 each
1/2 Price, Save $2.70
Special pricing for this catalogue is only available from Wednesday 7th January.
Offer valid Wed 7 Jan - Tue 13 Jan 2026
Atkins Endulge Bars Pk 5-10#
$8.50 each
1/2 Price, Save $8.50
Special pricing for this catalogue is only available from Wednesday 7th January.
Offer valid Wed 7 Jan - Tue 13 Jan 2026
SUP Gummies Pk 28-45#
$13.50 each
1/2 Price, Save $13.50
Special pricing for this catalogue is only available from Wednesday 7th January.
Offer valid Wed 7 Jan - Tue 13 Jan 2026
FatBlaster Weight Loss Shake 465g#
$14.00 each
1/2 Price, Save $14.00
$3.01 per 100g
Special pricing for this catalogue is only available from Wednesday 7th January.
Offer valid Wed 7 Jan - Tue 13 Jan 2026
Previous
5
6
7
8
9
Next
Offer valid Wed 7 Jan - Tue 13 Jan 2026
» Terms and Conditions
powered by Salefinder.com.au

Back to top
Customer Service
Help & Support
Contact Us
Feedback
Product Safety
Product Recalls
Return Policy
Scam Warning
Shop Groceries Online
View My Account
Pick up
Delivery
Delivery Now
New to Online Shopping?
Shop for your Business
Useful Links
Store Locations & Trading Hours
Everyday Rewards
Recipes & Easy Dinner Ideas
Woolworths Catalogue
Our pricing
Meal Planner
Woolworths Fresh Magazine
Woolworths Apps
About Woolworths
Careers
Our Brands
Woolworths Group Privacy Centre
Community
Suppliers
Become an Affiliate
Corporate Responsibility
Our Partners
Connect on Social
Follow us on Instagram, Opens in a new window
Follow us on Facebook, Opens in a new window
Follow us on Pinterest, Opens in a new window
Follow us on Youtube, Opens in a new window
Follow us on Twitter, Opens in a new window
We acknowledge the Traditional Owners and Custodians of Country throughout Australia. We pay our respects to all First Nations peoples and acknowledge Elders past and present.
Read more about our commitment to reconciliation
Woolworths Group aims to create more inclusive access for team members and customers with disabilities.
Website accessibility
New South Wales | Liquor Act 2007: No alcohol can be sold or supplied to anyone under 18. It's against the law.

For all Woolworths Online liquor orders, Woolworths Group is acting as an agent on behalf of Endeavour Group Limited (ABN 77 159 767 843). Pricing (including any 'was' or 'strikethrough' price) displayed on the Woolworths website and app for these liquor products are provided by Endeavour Group and reflects pricing on their BWS website which is set by location. They do not, however, include particular specials, clearances and offers which are exclusive to BWS. For Everyday Market from Woolworths orders involving the sale of liquor, Woolworths Marketplace Pty Limited is acting as an agent on behalf of the relevant Everyday Market partner. Woolworths Online supports the Responsible Service of Alcohol. For liquor licence numbers visit the Liquor and Tobacco Licences page.

If you wish to voluntarily exclude yourself from being able to purchase alcohol from our site, you can find out more at our Alcohol Self Exclusion page.
© Woolworths Group Limited 1997-2025 - All Rights Reserved. Woolworths Group Privacy Policy Woolworths Group Cookies Statement Woolworths Collection Notice Terms & Conditions Accessibility
Feedback

================================================================================

=== PAGE 8 ===
URL: https://www.woolworths.com.au/shop/catalogue/view#view=list&saleId=62849&areaName=QLD&page=8
Scraped at: 2026-01-06T21:12:57.360954

Everyday & Other Services
Search milk on special
Lists &
Buy again
Log in or Sign up
My Account
View cart button
$0.00
           
          
           worth
           in total
        
Browse products
Specials & catalogue
undefined
Recipes & ideas
undefined
Get more value
undefined
Ways to shop
undefined
Help
undefined
Shop for business
Stores
Delivery to:
Set your Delivery address
Choose
Select a time:
View available times
Choose Time of Delivery. View available times
Choose
Home  /  Catalogues  /  Weekly Catalogue QLD
Home
Pages
Product List
Categories
Bookmarks
  Nature’s Way Protein Powder 400g#
$14.00 each
1/2 Price, Save $14.00
$3.50 per 100g
Special pricing for this catalogue is only available from Wednesday 7th January.
Offer valid Wed 7 Jan - Tue 13 Jan 2026
Famous Nutrition Protein Water 300g#
$16.50 each
1/2 Price, Save $16.50
$5.50 per 100g
Special pricing for this catalogue is only available from Wednesday 7th January.
Offer valid Wed 7 Jan - Tue 13 Jan 2026
The Man Shake or The Lady Shake Supplements 125-160g#
$16.50 each
1/2 Price, Save $16.50
Special pricing for this catalogue is only available from Wednesday 7th January.
Offer valid Wed 7 Jan - Tue 13 Jan 2026
Famous Nutrition Creatine 300g#
$19.00 each
1/2 Price, Save $19.00
$6.33 per 100g
Special pricing for this catalogue is only available from Wednesday 7th January.
Offer valid Wed 7 Jan - Tue 13 Jan 2026
Nature’s Way Kids Smart Probiotic Choc Balls Pk 50~
$9.00 each
1/2 Price, Save $9.00
$18 per 100 ea
Special pricing for this catalogue is only available from Wednesday 7th January.
Offer valid Wed 7 Jan - Tue 13 Jan 2026
Nature’s Way Vitamin C 500mg Chewable Tablets Pk 320~
$12.50 each
1/2 Price, Save $12.50
$3.91 per 100 ea
Special pricing for this catalogue is only available from Wednesday 7th January.
Offer valid Wed 7 Jan - Tue 13 Jan 2026
Caltrate Joint Health With UC-II Collagen Tablets Pk 30~
$12.50 each
1/2 Price, Save $12.50
$41.67 per 100 ea
Special pricing for this catalogue is only available from Wednesday 7th January.
Offer valid Wed 7 Jan - Tue 13 Jan 2026
Nature’s Way Daily Multivitamin Tablets Pk 250~
$12.50 each
1/2 Price, Save $12.50
$5 per 100 ea
Special pricing for this catalogue is only available from Wednesday 7th January.
Offer valid Wed 7 Jan - Tue 13 Jan 2026
Centrum Advance 50+ Tablets Pk 120~
$13.50 each
1/2 Price, Save $13.50
$11.25 per 100 ea
Special pricing for this catalogue is only available from Wednesday 7th January.
Offer valid Wed 7 Jan - Tue 13 Jan 2026
Centrum Advance Daily Multivitamin Tablets Pk 120~
$13.50 each
1/2 Price, Save $13.50
$11.25 per 100 ea
Special pricing for this catalogue is only available from Wednesday 7th January.
Offer valid Wed 7 Jan - Tue 13 Jan 2026
Nature’s Way Adult Vita Gummies Multivitamin Pk 120~
$14.00 each
1/2 Price, Save $14.00
$11.67 per 100 ea
Special pricing for this catalogue is only available from Wednesday 7th January.
Offer valid Wed 7 Jan - Tue 13 Jan 2026
Nature’s Way Kids Smart Vita Gummies Multi-Vitamin for Fussy Eaters Pk 120~
$16.00 each
1/2 Price, Save $16.00
$13.33 per 100 ea
Special pricing for this catalogue is only available from Wednesday 7th January.
Offer valid Wed 7 Jan - Tue 13 Jan 2026
Previous
6
7
8
9
10
Next
Offer valid Wed 7 Jan - Tue 13 Jan 2026
» Terms and Conditions
powered by Salefinder.com.au

Back to top
Customer Service
Help & Support
Contact Us
Feedback
Product Safety
Product Recalls
Return Policy
Scam Warning
Shop Groceries Online
View My Account
Pick up
Delivery
Delivery Now
New to Online Shopping?
Shop for your Business
Useful Links
Store Locations & Trading Hours
Everyday Rewards
Recipes & Easy Dinner Ideas
Woolworths Catalogue
Our pricing
Meal Planner
Woolworths Fresh Magazine
Woolworths Apps
About Woolworths
Careers
Our Brands
Woolworths Group Privacy Centre
Community
Suppliers
Become an Affiliate
Corporate Responsibility
Our Partners
Connect on Social
Follow us on Instagram, Opens in a new window
Follow us on Facebook, Opens in a new window
Follow us on Pinterest, Opens in a new window
Follow us on Youtube, Opens in a new window
Follow us on Twitter, Opens in a new window
We acknowledge the Traditional Owners and Custodians of Country throughout Australia. We pay our respects to all First Nations peoples and acknowledge Elders past and present.
Read more about our commitment to reconciliation
Woolworths Group aims to create more inclusive access for team members and customers with disabilities.
Website accessibility
New South Wales | Liquor Act 2007: No alcohol can be sold or supplied to anyone under 18. It's against the law.

For all Woolworths Online liquor orders, Woolworths Group is acting as an agent on behalf of Endeavour Group Limited (ABN 77 159 767 843). Pricing (including any 'was' or 'strikethrough' price) displayed on the Woolworths website and app for these liquor products are provided by Endeavour Group and reflects pricing on their BWS website which is set by location. They do not, however, include particular specials, clearances and offers which are exclusive to BWS. For Everyday Market from Woolworths orders involving the sale of liquor, Woolworths Marketplace Pty Limited is acting as an agent on behalf of the relevant Everyday Market partner. Woolworths Online supports the Responsible Service of Alcohol. For liquor licence numbers visit the Liquor and Tobacco Licences page.

If you wish to voluntarily exclude yourself from being able to purchase alcohol from our site, you can find out more at our Alcohol Self Exclusion page.
© Woolworths Group Limited 1997-2025 - All Rights Reserved. Woolworths Group Privacy Policy Woolworths Group Cookies Statement Woolworths Collection Notice Terms & Conditions Accessibility
Feedback

================================================================================

=== PAGE 9 ===
URL: https://www.woolworths.com.au/shop/catalogue/view#view=list&saleId=62849&areaName=QLD&page=9
Scraped at: 2026-01-06T21:13:14.467816

Everyday & Other Services
Search products, recipes & ideas
Lists &
Buy again
Log in or Sign up
My Account
View cart button
$0.00
           
          
           worth
           in total
        
Browse products
Specials & catalogue
undefined
Recipes & ideas
undefined
Get more value
undefined
Ways to shop
undefined
Help
undefined
Shop for business
Stores
Delivery to:
Set your Delivery address
Choose
Select a time:
View available times
Choose Time of Delivery. View available times
Choose
Home  /  Catalogues  /  Weekly Catalogue QLD
Home
Pages
Product List
Categories
Bookmarks
  Nature’s Way Kids Smart Vita Gummies Immune Defence Pk 120~
$16.00 each
1/2 Price, Save $16.00
$13.33 per 100 ea
Special pricing for this catalogue is only available from Wednesday 7th January.
Offer valid Wed 7 Jan - Tue 13 Jan 2026
Nature’s Way Beauty Collagen Oral Shot Pk 10 x 50ml~
$19.00 each
1/2 Price, Save $19.00
$3.80 per 100ml
Special pricing for this catalogue is only available from Wednesday 7th January.
Offer valid Wed 7 Jan - Tue 13 Jan 2026
Nature’s Way Glucosamine 1500mg Tablets Pk 180~
$20.00 each
1/2 Price, Save $20.00
$11.11 per 100 ea
Special pricing for this catalogue is only available from Wednesday 7th January.
Offer valid Wed 7 Jan - Tue 13 Jan 2026
Nature’s Way Adult Vita Gummies Hair Skin Nails Pk 150~
$21.00 each
1/2 Price, Save $21.00
$14 per 100 ea
Special pricing for this catalogue is only available from Wednesday 7th January.
Offer valid Wed 7 Jan - Tue 13 Jan 2026
Berocca Vitamin B & C Energy Effervescent Tablets Pk 45~
$13.00 each
1/2 Price, Save $13.00
$28.89 per 100 ea
Special pricing for this catalogue is only available from Wednesday 7th January.
Offer valid Wed 7 Jan - Tue 13 Jan 2026
Berocca Immune Daily Defence Effervescent Tablets Pk 45~
$13.00 each
1/2 Price, Save $13.00
$28.89 per 100 ea
Special pricing for this catalogue is only available from Wednesday 7th January.
Offer valid Wed 7 Jan - Tue 13 Jan 2026
Ostelin Calcium & Vitamin D3 + K2 Tablets Pk 60~
$20.45 each
1/2 Price, Save $20.50
$34.08 per 100 ea
Special pricing for this catalogue is only available from Wednesday 7th January.
Offer valid Wed 7 Jan - Tue 13 Jan 2026
Berocca Energy Variety Pack Effervescent Tablets Pk 45~
$13.00 each
1/2 Price, Save $13.00
$28.89 per 100 ea
Special pricing for this catalogue is only available from Wednesday 7th January.
Offer valid Wed 7 Jan - Tue 13 Jan 2026
Berocca Energy Vitamin Effervescent Tablets Pk 45~
$13.00 each
1/2 Price, Save $13.00
$28.89 per 100 ea
Special pricing for this catalogue is only available from Wednesday 7th January.
Offer valid Wed 7 Jan - Tue 13 Jan 2026
Ostelin Vitamin D3 1000IU Capsules Pk 250~
$24.50 each
1/2 Price, Save $24.50
$9.80 per 100 ea
Special pricing for this catalogue is only available from Wednesday 7th January.
Offer valid Wed 7 Jan - Tue 13 Jan 2026
Cenovis Sugarless C Chewable Tablets Pk 320~
$13.00 each
1/2 Price, Save $13.00
$4.06 per 100 ea
Special pricing for this catalogue is only available from Wednesday 7th January.
Offer valid Wed 7 Jan - Tue 13 Jan 2026
Cenovis Magnesium Tablets Pk 200~
$14.25 each
1/2 Price, Save $14.25
$7.13 per 100 ea
Special pricing for this catalogue is only available from Wednesday 7th January.
Offer valid Wed 7 Jan - Tue 13 Jan 2026
Previous
7
8
9
10
11
Next
Offer valid Wed 7 Jan - Tue 13 Jan 2026
» Terms and Conditions
powered by Salefinder.com.au

Back to top
Customer Service
Help & Support
Contact Us
Feedback
Product Safety
Product Recalls
Return Policy
Scam Warning
Shop Groceries Online
View My Account
Pick up
Delivery
Delivery Now
New to Online Shopping?
Shop for your Business
Useful Links
Store Locations & Trading Hours
Everyday Rewards
Recipes & Easy Dinner Ideas
Woolworths Catalogue
Our pricing
Meal Planner
Woolworths Fresh Magazine
Woolworths Apps
About Woolworths
Careers
Our Brands
Woolworths Group Privacy Centre
Community
Suppliers
Become an Affiliate
Corporate Responsibility
Our Partners
Connect on Social
Follow us on Instagram, Opens in a new window
Follow us on Facebook, Opens in a new window
Follow us on Pinterest, Opens in a new window
Follow us on Youtube, Opens in a new window
Follow us on Twitter, Opens in a new window
We acknowledge the Traditional Owners and Custodians of Country throughout Australia. We pay our respects to all First Nations peoples and acknowledge Elders past and present.
Read more about our commitment to reconciliation
Woolworths Group aims to create more inclusive access for team members and customers with disabilities.
Website accessibility
New South Wales | Liquor Act 2007: No alcohol can be sold or supplied to anyone under 18. It's against the law.

For all Woolworths Online liquor orders, Woolworths Group is acting as an agent on behalf of Endeavour Group Limited (ABN 77 159 767 843). Pricing (including any 'was' or 'strikethrough' price) displayed on the Woolworths website and app for these liquor products are provided by Endeavour Group and reflects pricing on their BWS website which is set by location. They do not, however, include particular specials, clearances and offers which are exclusive to BWS. For Everyday Market from Woolworths orders involving the sale of liquor, Woolworths Marketplace Pty Limited is acting as an agent on behalf of the relevant Everyday Market partner. Woolworths Online supports the Responsible Service of Alcohol. For liquor licence numbers visit the Liquor and Tobacco Licences page.

If you wish to voluntarily exclude yourself from being able to purchase alcohol from our site, you can find out more at our Alcohol Self Exclusion page.
© Woolworths Group Limited 1997-2025 - All Rights Reserved. Woolworths Group Privacy Policy Woolworths Group Cookies Statement Woolworths Collection Notice Terms & Conditions Accessibility
Feedback

================================================================================

=== PAGE 10 ===
URL: https://www.woolworths.com.au/shop/catalogue/view#view=list&saleId=62849&areaName=QLD&page=10
Scraped at: 2026-01-06T21:13:31.591792

Everyday & Other Services
Search stone fruit in stock
Lists &
Buy again
Log in or Sign up
My Account
View cart button
$0.00
           
          
           worth
           in total
        
Browse products
Specials & catalogue
undefined
Recipes & ideas
undefined
Get more value
undefined
Ways to shop
undefined
Help
undefined
Shop for business
Stores
Delivery to:
Set your Delivery address
Choose
Select a time:
View available times
Choose Time of Delivery. View available times
Choose
Home  /  Catalogues  /  Weekly Catalogue QLD
Home
Pages
Product List
Categories
Bookmarks
  Cenovis Echinacea, Garlic, Zinc + C Tablets Pk 125~
$16.50 each
1/2 Price, Save $16.50
$13.20 per 100 ea
Special pricing for this catalogue is only available from Wednesday 7th January.
Offer valid Wed 7 Jan - Tue 13 Jan 2026
Nature’s Own Glucosamine Sulfate with Chondroitin Tablets Pk 200~
$18.00 each
1/2 Price, Save $18.00
$9 per 100 ea
Special pricing for this catalogue is only available from Wednesday 7th January.
Offer valid Wed 7 Jan - Tue 13 Jan 2026
Nature’s Own Vitamin B12 1000mcg Tablets Pk 150~
$19.25 each
1/2 Price, Save $19.25
$12.83 per 100 ea
Special pricing for this catalogue is only available from Wednesday 7th January.
Offer valid Wed 7 Jan - Tue 13 Jan 2026
Nature’s Own Odourless Fish Oil 1500mg Capsules Pk 200~
$21.50 each
1/2 Price, Save $21.50
$10.75 per 100 ea
Special pricing for this catalogue is only available from Wednesday 7th January.
Offer valid Wed 7 Jan - Tue 13 Jan 2026
Swisse Ultiboost Magnesium Glycinate Tablets Pk 60~
$14.75 each
1/2 Price, Save $14.75
$24.58 per 100 ea
Special pricing for this catalogue is only available from Wednesday 7th January.
Offer valid Wed 7 Jan - Tue 13 Jan 2026
Swisse Ultiboost Magnesium, Calcium + D3 Tablets Pk 120~
$14.75 each
1/2 Price, Save $14.75
$12.29 per 100 ea
Special pricing for this catalogue is only available from Wednesday 7th January.
Offer valid Wed 7 Jan - Tue 13 Jan 2026
Swisse Ultiboost Magnesium Tablets Pk 120~
$19.75 each
1/2 Price, Save $19.75
$16.46 per 100 ea
Special pricing for this catalogue is only available from Wednesday 7th January.
Offer valid Wed 7 Jan - Tue 13 Jan 2026
Little Swisse Sleep Gummies Pk 100~
$24.75 each
1/2 Price, Save $24.75
$24.75 per 100 ea
Special pricing for this catalogue is only available from Wednesday 7th January.
Offer valid Wed 7 Jan - Tue 13 Jan 2026
Little Swisse Multivitamin Gummies Pk 100~
$24.75 each
1/2 Price, Save $24.75
$24.75 per 100 ea
Special pricing for this catalogue is only available from Wednesday 7th January.
Offer valid Wed 7 Jan - Tue 13 Jan 2026
Little Swisse Prebiotic + Probiotic Gummies Pk 100~
$24.75 each
1/2 Price, Save $24.75
$24.75 per 100 ea
Special pricing for this catalogue is only available from Wednesday 7th January.
Offer valid Wed 7 Jan - Tue 13 Jan 2026
MagZorb Magnesium Sleep Formula Tablets Pk 60~
$13.50 each
1/2 Price, Save $13.50
$22.50 per 100 ea
Special pricing for this catalogue is only available from Wednesday 7th January.
Offer valid Wed 7 Jan - Tue 13 Jan 2026
MagZorb Magnesium Glycinate Capsules Pk 100~
$16.50 each
1/2 Price, Save $16.50
$16.50 per 100 ea
Special pricing for this catalogue is only available from Wednesday 7th January.
Offer valid Wed 7 Jan - Tue 13 Jan 2026
Previous
8
9
10
11
12
Next
Offer valid Wed 7 Jan - Tue 13 Jan 2026
» Terms and Conditions
powered by Salefinder.com.au

Back to top
Customer Service
Help & Support
Contact Us
Feedback
Product Safety
Product Recalls
Return Policy
Scam Warning
Shop Groceries Online
View My Account
Pick up
Delivery
Delivery Now
New to Online Shopping?
Shop for your Business
Useful Links
Store Locations & Trading Hours
Everyday Rewards
Recipes & Easy Dinner Ideas
Woolworths Catalogue
Our pricing
Meal Planner
Woolworths Fresh Magazine
Woolworths Apps
About Woolworths
Careers
Our Brands
Woolworths Group Privacy Centre
Community
Suppliers
Become an Affiliate
Corporate Responsibility
Our Partners
Connect on Social
Follow us on Instagram, Opens in a new window
Follow us on Facebook, Opens in a new window
Follow us on Pinterest, Opens in a new window
Follow us on Youtube, Opens in a new window
Follow us on Twitter, Opens in a new window
We acknowledge the Traditional Owners and Custodians of Country throughout Australia. We pay our respects to all First Nations peoples and acknowledge Elders past and present.
Read more about our commitment to reconciliation
Woolworths Group aims to create more inclusive access for team members and customers with disabilities.
Website accessibility
New South Wales | Liquor Act 2007: No alcohol can be sold or supplied to anyone under 18. It's against the law.

For all Woolworths Online liquor orders, Woolworths Group is acting as an agent on behalf of Endeavour Group Limited (ABN 77 159 767 843). Pricing (including any 'was' or 'strikethrough' price) displayed on the Woolworths website and app for these liquor products are provided by Endeavour Group and reflects pricing on their BWS website which is set by location. They do not, however, include particular specials, clearances and offers which are exclusive to BWS. For Everyday Market from Woolworths orders involving the sale of liquor, Woolworths Marketplace Pty Limited is acting as an agent on behalf of the relevant Everyday Market partner. Woolworths Online supports the Responsible Service of Alcohol. For liquor licence numbers visit the Liquor and Tobacco Licences page.

If you wish to voluntarily exclude yourself from being able to purchase alcohol from our site, you can find out more at our Alcohol Self Exclusion page.
© Woolworths Group Limited 1997-2025 - All Rights Reserved. Woolworths Group Privacy Policy Woolworths Group Cookies Statement Woolworths Collection Notice Terms & Conditions Accessibility
Feedback

================================================================================

=== PAGE 11 ===
URL: https://www.woolworths.com.au/shop/catalogue/view#view=list&saleId=62849&areaName=QLD&page=11
Scraped at: 2026-01-06T21:13:48.709259

Everyday & Other Services
Search Everyday Market
Lists &
Buy again
Log in or Sign up
My Account
View cart button
$0.00
           
          
           worth
           in total
        
Browse products
Specials & catalogue
undefined
Recipes & ideas
undefined
Get more value
undefined
Ways to shop
undefined
Help
undefined
Shop for business
Stores
Delivery to:
Set your Delivery address
Choose
Select a time:
View available times
Choose Time of Delivery. View available times
Choose
Home  /  Catalogues  /  Weekly Catalogue QLD
Home
Pages
Product List
Categories
Bookmarks
  Swisse Ultivite Men’s Multivitamin Tablets Pk 60~
$19.75 each
1/2 Price, Save $19.75
$32.92 per 100 ea
Special pricing for this catalogue is only available from Wednesday 7th January.
Offer valid Wed 7 Jan - Tue 13 Jan 2026
MagZorb Magnesium Glycinate 1000mg Powder 240g~
$17.50 each
1/2 Price, Save $17.50
$7.29 per 100g
Special pricing for this catalogue is only available from Wednesday 7th January.
Offer valid Wed 7 Jan - Tue 13 Jan 2026
MagZorb K2+D3 Magnesium Glycinate Capsules Pk 60~
$19.50 each
1/2 Price, Save $19.50
$32.50 per 100 ea
Special pricing for this catalogue is only available from Wednesday 7th January.
Offer valid Wed 7 Jan - Tue 13 Jan 2026
Swisse Ultivite Women’s Multivitamin Tablets Pk 60~
$19.75 each
1/2 Price, Save $19.75
$32.92 per 100 ea
Special pricing for this catalogue is only available from Wednesday 7th January.
Offer valid Wed 7 Jan - Tue 13 Jan 2026
Woolworths Indulgent Mudcake Filled Hot Cross Buns Pk 4
$5.50 pk
$1.38 per ea
Special pricing for this catalogue is only available from Wednesday 7th January.
Offer valid Wed 7 Jan - Tue 13 Jan 2026
Cadbury Cake Bars or Mini Rolls Varieties Pk 5
$4.50 each
Save $2.00
90¢ per ea
Special pricing for this catalogue is only available from Wednesday 7th January.
Offer valid Wed 7 Jan - Tue 13 Jan 2026
Woolworths Golden Oat Cheesecake 850g
$20.00 each
$2.35 per 100g
Special pricing for this catalogue is only available from Wednesday 7th January.
Offer valid Wed 7 Jan - Tue 13 Jan 2026
Leggo’s Fresh Pasta Sauce Varieties 450g – From the Fridge
$5.50 each
Range was $7.50
$1.22 per 100g
Special pricing for this catalogue is only available from Wednesday 7th January.
Offer valid Wed 7 Jan - Tue 13 Jan 2026
Mission Mini Wraps 384g Pk 8
$4.50 pk
Save $1.00
$1.17 per 100g
Special pricing for this catalogue is only available from Wednesday 7th January.
Offer valid Wed 7 Jan - Tue 13 Jan 2026
Tip Top Thick Cut Cafe Toast 600g
$5.50 each
Save $1.70
92¢ per 100g
Special pricing for this catalogue is only available from Wednesday 7th January.
Offer valid Wed 7 Jan - Tue 13 Jan 2026
Leggo’s Fresh Filled Pasta Varieties 630g – From the Fridge
$7.50 each
Range was $11.00
$1.19 per 100g
Special pricing for this catalogue is only available from Wednesday 7th January.
Offer valid Wed 7 Jan - Tue 13 Jan 2026
D’Orsogna Shortcut Bacon 1 kg – From the Fridge
$16.00 each
Save $6.00
$16 per kg
Special pricing for this catalogue is only available from Wednesday 7th January.
Offer valid Wed 7 Jan - Tue 13 Jan 2026
Previous
9
10
11
12
13
Next
Offer valid Wed 7 Jan - Tue 13 Jan 2026
» Terms and Conditions
powered by Salefinder.com.au

Back to top
Customer Service
Help & Support
Contact Us
Feedback
Product Safety
Product Recalls
Return Policy
Scam Warning
Shop Groceries Online
View My Account
Pick up
Delivery
Delivery Now
New to Online Shopping?
Shop for your Business
Useful Links
Store Locations & Trading Hours
Everyday Rewards
Recipes & Easy Dinner Ideas
Woolworths Catalogue
Our pricing
Meal Planner
Woolworths Fresh Magazine
Woolworths Apps
About Woolworths
Careers
Our Brands
Woolworths Group Privacy Centre
Community
Suppliers
Become an Affiliate
Corporate Responsibility
Our Partners
Connect on Social
Follow us on Instagram, Opens in a new window
Follow us on Facebook, Opens in a new window
Follow us on Pinterest, Opens in a new window
Follow us on Youtube, Opens in a new window
Follow us on Twitter, Opens in a new window
We acknowledge the Traditional Owners and Custodians of Country throughout Australia. We pay our respects to all First Nations peoples and acknowledge Elders past and present.
Read more about our commitment to reconciliation
Woolworths Group aims to create more inclusive access for team members and customers with disabilities.
Website accessibility
New South Wales | Liquor Act 2007: No alcohol can be sold or supplied to anyone under 18. It's against the law.

For all Woolworths Online liquor orders, Woolworths Group is acting as an agent on behalf of Endeavour Group Limited (ABN 77 159 767 843). Pricing (including any 'was' or 'strikethrough' price) displayed on the Woolworths website and app for these liquor products are provided by Endeavour Group and reflects pricing on their BWS website which is set by location. They do not, however, include particular specials, clearances and offers which are exclusive to BWS. For Everyday Market from Woolworths orders involving the sale of liquor, Woolworths Marketplace Pty Limited is acting as an agent on behalf of the relevant Everyday Market partner. Woolworths Online supports the Responsible Service of Alcohol. For liquor licence numbers visit the Liquor and Tobacco Licences page.

If you wish to voluntarily exclude yourself from being able to purchase alcohol from our site, you can find out more at our Alcohol Self Exclusion page.
© Woolworths Group Limited 1997-2025 - All Rights Reserved. Woolworths Group Privacy Policy Woolworths Group Cookies Statement Woolworths Collection Notice Terms & Conditions Accessibility
Feedback

================================================================================

=== PAGE 12 ===
URL: https://www.woolworths.com.au/shop/catalogue/view#view=list&saleId=62849&areaName=QLD&page=12
Scraped at: 2026-01-06T21:14:05.795757

Everyday & Other Services
Search sunscreen on special
Lists &
Buy again
Log in or Sign up
My Account
View cart button
$0.00
           
          
           worth
           in total
        
Browse products
Specials & catalogue
undefined
Recipes & ideas
undefined
Get more value
undefined
Ways to shop
undefined
Help
undefined
Shop for business
Stores
Delivery to:
Set your Delivery address
Choose
Select a time:
View available times
Choose Time of Delivery. View available times
Choose
Home  /  Catalogues  /  Weekly Catalogue QLD
Home
Pages
Product List
Categories
Bookmarks
  D’Orsogna Honey Ham – Sliced or Shaved – From the Deli
$23.00 kg
Save $3.00 kg
$2.30 per 100g
Special pricing for this catalogue is only available from Wednesday 7th January.
Offer valid Wed 7 Jan - Tue 13 Jan 2026
Macro Free Range Australian Fresh RSPCA Approved Chicken Breast Fillets Skinless Bulk Tray
$12.00 kg
Save $3.00 kg
Special pricing for this catalogue is only available from Wednesday 7th January.
Offer valid Wed 7 Jan - Tue 13 Jan 2026
Woolworths COOK Beef, Pork or Lamb Strips Varieties 500g
$10.00 each
Save $3.00
$20 per kg
Special pricing for this catalogue is only available from Wednesday 7th January.
Offer valid Wed 7 Jan - Tue 13 Jan 2026
Woolworths Chilled Raw Prawn Meat 220g
Everyday Low Price
$10.00 each
$45.45 per kg
Special pricing for this catalogue is only available from Wednesday 7th January.
Offer valid Wed 7 Jan - Tue 13 Jan 2026
Australian Lamb Leg Steak 540g
$14.00 each
Save $3.00
$25.93 per kg
Special pricing for this catalogue is only available from Wednesday 7th January.
Offer valid Wed 7 Jan - Tue 13 Jan 2026
Australian Beef Porterhouse Steak & Butter 400g
$15.20 each
Was $16.00
$38 per kg
Special pricing for this catalogue is only available from Wednesday 7th January.
Offer valid Wed 7 Jan - Tue 13 Jan 2026
Australian Pork Rashers
$19.00 kg
Save $4.00 kg
Special pricing for this catalogue is only available from Wednesday 7th January.
Offer valid Wed 7 Jan - Tue 13 Jan 2026
Thawed Large Australian Cooked Tiger Prawns
$26.00 kg
Save $9.00 kg
Special pricing for this catalogue is only available from Wednesday 7th January.
Offer valid Wed 7 Jan - Tue 13 Jan 2026
Australian Beef Rump Steak Bulk Pack
$24.00 kg
Special pricing for this catalogue is only available from Wednesday 7th January.
Offer valid Wed 7 Jan - Tue 13 Jan 2026
Little Entertainers Cheese Varieties 80g – From the Deli
Any 3 for $12.00
Save $2.40
$50 per kg
Special pricing for this catalogue is only available from Wednesday 7th January.
Offer valid Wed 7 Jan - Tue 13 Jan 2026
Yumi’s Dips 200g
Any 2 for $7.00
Save $2.00
$1.75 per 100g
Special pricing for this catalogue is only available from Wednesday 7th January.
Offer valid Wed 7 Jan - Tue 13 Jan 2026
Rokeby High Protein Dessert Pot 160g
$2.40 each
Save $0.60
$1.50 per 100g
Special pricing for this catalogue is only available from Wednesday 7th January.
Offer valid Wed 7 Jan - Tue 13 Jan 2026
Previous
10
11
12
13
14
Next
Offer valid Wed 7 Jan - Tue 13 Jan 2026
» Terms and Conditions
powered by Salefinder.com.au

Back to top
Customer Service
Help & Support
Contact Us
Feedback
Product Safety
Product Recalls
Return Policy
Scam Warning
Shop Groceries Online
View My Account
Pick up
Delivery
Delivery Now
New to Online Shopping?
Shop for your Business
Useful Links
Store Locations & Trading Hours
Everyday Rewards
Recipes & Easy Dinner Ideas
Woolworths Catalogue
Our pricing
Meal Planner
Woolworths Fresh Magazine
Woolworths Apps
About Woolworths
Careers
Our Brands
Woolworths Group Privacy Centre
Community
Suppliers
Become an Affiliate
Corporate Responsibility
Our Partners
Connect on Social
Follow us on Instagram, Opens in a new window
Follow us on Facebook, Opens in a new window
Follow us on Pinterest, Opens in a new window
Follow us on Youtube, Opens in a new window
Follow us on Twitter, Opens in a new window
We acknowledge the Traditional Owners and Custodians of Country throughout Australia. We pay our respects to all First Nations peoples and acknowledge Elders past and present.
Read more about our commitment to reconciliation
Woolworths Group aims to create more inclusive access for team members and customers with disabilities.
Website accessibility
New South Wales | Liquor Act 2007: No alcohol can be sold or supplied to anyone under 18. It's against the law.

For all Woolworths Online liquor orders, Woolworths Group is acting as an agent on behalf of Endeavour Group Limited (ABN 77 159 767 843). Pricing (including any 'was' or 'strikethrough' price) displayed on the Woolworths website and app for these liquor products are provided by Endeavour Group and reflects pricing on their BWS website which is set by location. They do not, however, include particular specials, clearances and offers which are exclusive to BWS. For Everyday Market from Woolworths orders involving the sale of liquor, Woolworths Marketplace Pty Limited is acting as an agent on behalf of the relevant Everyday Market partner. Woolworths Online supports the Responsible Service of Alcohol. For liquor licence numbers visit the Liquor and Tobacco Licences page.

If you wish to voluntarily exclude yourself from being able to purchase alcohol from our site, you can find out more at our Alcohol Self Exclusion page.
© Woolworths Group Limited 1997-2025 - All Rights Reserved. Woolworths Group Privacy Policy Woolworths Group Cookies Statement Woolworths Collection Notice Terms & Conditions Accessibility
Feedback

================================================================================

=== PAGE 13 ===
URL: https://www.woolworths.com.au/shop/catalogue/view#view=list&saleId=62849&areaName=QLD&page=13
Scraped at: 2026-01-06T21:14:22.887045

Everyday & Other Services
Search eggs in stock
Lists &
Buy again
Log in or Sign up
My Account
View cart button
$0.00
           
          
           worth
           in total
        
Browse products
Specials & catalogue
undefined
Recipes & ideas
undefined
Get more value
undefined
Ways to shop
undefined
Help
undefined
Shop for business
Stores
Delivery to:
Set your Delivery address
Choose
Select a time:
View available times
Choose Time of Delivery. View available times
Choose
Home  /  Catalogues  /  Weekly Catalogue QLD
Home
Pages
Product List
Categories
Bookmarks
  Gippsland Dairy Twist Yogurt 700g
$6.30 each
Save $1.60
90¢ per 100g
Special pricing for this catalogue is only available from Wednesday 7th January.
Offer valid Wed 7 Jan - Tue 13 Jan 2026
Dare Iced Coffee 750ml
$4.30 each
Save $1.10
$5.73 per litre
Special pricing for this catalogue is only available from Wednesday 7th January.
Offer valid Wed 7 Jan - Tue 13 Jan 2026
Western Star Gold Cultured Butter 340g
$6.00 each
Save $0.80
$1.76 per 100g
Special pricing for this catalogue is only available from Wednesday 7th January.
Offer valid Wed 7 Jan - Tue 13 Jan 2026
Bega Block or Grated Cheese 500g
$9.50 each
Save $1.00
$19 per kg
Special pricing for this catalogue is only available from Wednesday 7th January.
Offer valid Wed 7 Jan - Tue 13 Jan 2026
Riverina Fetta Varieties 200g
$4.70 each
Range was $5.30
$23.50 per kg
Special pricing for this catalogue is only available from Wednesday 7th January.
Offer valid Wed 7 Jan - Tue 13 Jan 2026
Perfect Italiano Cheese Varieties 150g
$4.00 each
Range was $4.50
$26.67 per kg
Special pricing for this catalogue is only available from Wednesday 7th January.
Offer valid Wed 7 Jan - Tue 13 Jan 2026
Remedy Kombucha 750ml
$4.90 each
Save $2.60
$6.53 per litre
Special pricing for this catalogue is only available from Wednesday 7th January.
Offer valid Wed 7 Jan - Tue 13 Jan 2026
Daily Juice Orange Juice 2 Litre
$6.50 each
Range was $7.50
$3.25 per litre
Special pricing for this catalogue is only available from Wednesday 7th January.
Offer valid Wed 7 Jan - Tue 13 Jan 2026
Cocobella Chocolate Coconut Water 400ml
$2.40 each
Save $1.40
$6 per litre
Special pricing for this catalogue is only available from Wednesday 7th January.
Offer valid Wed 7 Jan - Tue 13 Jan 2026
Bae Juice 100% Korean Pear Juice 120ml
$3.15 each
Save $1.35
$26.25 per litre
Special pricing for this catalogue is only available from Wednesday 7th January.
Offer valid Wed 7 Jan - Tue 13 Jan 2026
Impressed Pressed Juice 1 Litre – Excludes Orange Juice & Cold Pressed Juice 1 Litre
$4.00 each
Save $0.80
$4 per litre
Special pricing for this catalogue is only available from Wednesday 7th January.
Offer valid Wed 7 Jan - Tue 13 Jan 2026
bubbleme Tropical Treats 390g Pk 6
$4.75 each
1/2 Price, Save $4.75
$1.22 per 100g
Special pricing for this catalogue is only available from Wednesday 7th January.
Offer valid Wed 7 Jan - Tue 13 Jan 2026
Previous
11
12
13
14
15
Next
Offer valid Wed 7 Jan - Tue 13 Jan 2026
» Terms and Conditions
powered by Salefinder.com.au

Back to top
Customer Service
Help & Support
Contact Us
Feedback
Product Safety
Product Recalls
Return Policy
Scam Warning
Shop Groceries Online
View My Account
Pick up
Delivery
Delivery Now
New to Online Shopping?
Shop for your Business
Useful Links
Store Locations & Trading Hours
Everyday Rewards
Recipes & Easy Dinner Ideas
Woolworths Catalogue
Our pricing
Meal Planner
Woolworths Fresh Magazine
Woolworths Apps
About Woolworths
Careers
Our Brands
Woolworths Group Privacy Centre
Community
Suppliers
Become an Affiliate
Corporate Responsibility
Our Partners
Connect on Social
Follow us on Instagram, Opens in a new window
Follow us on Facebook, Opens in a new window
Follow us on Pinterest, Opens in a new window
Follow us on Youtube, Opens in a new window
Follow us on Twitter, Opens in a new window
We acknowledge the Traditional Owners and Custodians of Country throughout Australia. We pay our respects to all First Nations peoples and acknowledge Elders past and present.
Read more about our commitment to reconciliation
Woolworths Group aims to create more inclusive access for team members and customers with disabilities.
Website accessibility
New South Wales | Liquor Act 2007: No alcohol can be sold or supplied to anyone under 18. It's against the law.

For all Woolworths Online liquor orders, Woolworths Group is acting as an agent on behalf of Endeavour Group Limited (ABN 77 159 767 843). Pricing (including any 'was' or 'strikethrough' price) displayed on the Woolworths website and app for these liquor products are provided by Endeavour Group and reflects pricing on their BWS website which is set by location. They do not, however, include particular specials, clearances and offers which are exclusive to BWS. For Everyday Market from Woolworths orders involving the sale of liquor, Woolworths Marketplace Pty Limited is acting as an agent on behalf of the relevant Everyday Market partner. Woolworths Online supports the Responsible Service of Alcohol. For liquor licence numbers visit the Liquor and Tobacco Licences page.

If you wish to voluntarily exclude yourself from being able to purchase alcohol from our site, you can find out more at our Alcohol Self Exclusion page.
© Woolworths Group Limited 1997-2025 - All Rights Reserved. Woolworths Group Privacy Policy Woolworths Group Cookies Statement Woolworths Collection Notice Terms & Conditions Accessibility
Feedback

================================================================================

=== PAGE 14 ===
URL: https://www.woolworths.com.au/shop/catalogue/view#view=list&saleId=62849&areaName=QLD&page=14
Scraped at: 2026-01-06T21:14:39.956174

Everyday & Other Services
Search seafood in stock
Lists &
Buy again
Log in or Sign up
My Account
View cart button
$0.00
           
          
           worth
           in total
        
Browse products
Specials & catalogue
undefined
Recipes & ideas
undefined
Get more value
undefined
Ways to shop
undefined
Help
undefined
Shop for business
Stores
Delivery to:
Set your Delivery address
Choose
Select a time:
View available times
Choose Time of Delivery. View available times
Choose
Home  /  Catalogues  /  Weekly Catalogue QLD
Home
Pages
Product List
Categories
Bookmarks
  Gelativo Sorbet 1 Litre
$5.00 each
Save $1.50
50¢ per 100ml
Special pricing for this catalogue is only available from Wednesday 7th January.
Offer valid Wed 7 Jan - Tue 13 Jan 2026
Peters Frosty Fruits 420-600ml Pk 6-8
$6.00 each
Save $3.00
Special pricing for this catalogue is only available from Wednesday 7th January.
Offer valid Wed 7 Jan - Tue 13 Jan 2026
Connoisseur Ice Cream 1 Litre
$7.20 each
40% off, Save $4.80
72¢ per 100ml
Special pricing for this catalogue is only available from Wednesday 7th January.
Offer valid Wed 7 Jan - Tue 13 Jan 2026
Connoisseur Ice Cream Sticks 360-400ml Pk 4-6
$7.90 each
Save $4.10
Special pricing for this catalogue is only available from Wednesday 7th January.
Offer valid Wed 7 Jan - Tue 13 Jan 2026
Haagen-Dazs Ice Cream Varieties 457ml
$8.00 each
40% off, Save $5.50
$1.75 per 100ml
Special pricing for this catalogue is only available from Wednesday 7th January.
Offer valid Wed 7 Jan - Tue 13 Jan 2026
Paddle Pop Twister Mini 300ml Pk 6
$7.00 each
Range was $8.00
$2.33 per 100ml
Special pricing for this catalogue is only available from Wednesday 7th January.
Offer valid Wed 7 Jan - Tue 13 Jan 2026
Messina Gelato Pints 475ml
$12.00 each
Range was $14.50
$2.53 per 100ml
Special pricing for this catalogue is only available from Wednesday 7th January.
Offer valid Wed 7 Jan - Tue 13 Jan 2026
McCain Pizza Slices 600g
$7.70 each
Save $2.10
$1.28 per 100g
Special pricing for this catalogue is only available from Wednesday 7th January.
Offer valid Wed 7 Jan - Tue 13 Jan 2026
Ingham’s Chicken Tenders, Nuggets or Wing Dings 1 kg
$11.00 each
Save $2.00
$11 per kg
Special pricing for this catalogue is only available from Wednesday 7th January.
Offer valid Wed 7 Jan - Tue 13 Jan 2026
FroPro Protein Burrito 245g
$7.00 each
Save $1.50
$2.86 per 100g
Special pricing for this catalogue is only available from Wednesday 7th January.
Offer valid Wed 7 Jan - Tue 13 Jan 2026
Birds Eye Deli Potato Varieties 600g – Excludes Birds Eye Sweet Potato Chips 600g
$4.90 each
Save $1.30
$8.17 per kg
Special pricing for this catalogue is only available from Wednesday 7th January.
Offer valid Wed 7 Jan - Tue 13 Jan 2026
Dr. Oetker Ristorante Pizza 310-390g – Excludes Dr. Oetker Ristorante Gluten Free Pizza 370g
$7.00 each
Save $2.50
Special pricing for this catalogue is only available from Wednesday 7th January.
Offer valid Wed 7 Jan - Tue 13 Jan 2026
Previous
12
13
14
15
16
Next
Offer valid Wed 7 Jan - Tue 13 Jan 2026
» Terms and Conditions
powered by Salefinder.com.au

Back to top
Customer Service
Help & Support
Contact Us
Feedback
Product Safety
Product Recalls
Return Policy
Scam Warning
Shop Groceries Online
View My Account
Pick up
Delivery
Delivery Now
New to Online Shopping?
Shop for your Business
Useful Links
Store Locations & Trading Hours
Everyday Rewards
Recipes & Easy Dinner Ideas
Woolworths Catalogue
Our pricing
Meal Planner
Woolworths Fresh Magazine
Woolworths Apps
About Woolworths
Careers
Our Brands
Woolworths Group Privacy Centre
Community
Suppliers
Become an Affiliate
Corporate Responsibility
Our Partners
Connect on Social
Follow us on Instagram, Opens in a new window
Follow us on Facebook, Opens in a new window
Follow us on Pinterest, Opens in a new window
Follow us on Youtube, Opens in a new window
Follow us on Twitter, Opens in a new window
We acknowledge the Traditional Owners and Custodians of Country throughout Australia. We pay our respects to all First Nations peoples and acknowledge Elders past and present.
Read more about our commitment to reconciliation
Woolworths Group aims to create more inclusive access for team members and customers with disabilities.
Website accessibility
New South Wales | Liquor Act 2007: No alcohol can be sold or supplied to anyone under 18. It's against the law.

For all Woolworths Online liquor orders, Woolworths Group is acting as an agent on behalf of Endeavour Group Limited (ABN 77 159 767 843). Pricing (including any 'was' or 'strikethrough' price) displayed on the Woolworths website and app for these liquor products are provided by Endeavour Group and reflects pricing on their BWS website which is set by location. They do not, however, include particular specials, clearances and offers which are exclusive to BWS. For Everyday Market from Woolworths orders involving the sale of liquor, Woolworths Marketplace Pty Limited is acting as an agent on behalf of the relevant Everyday Market partner. Woolworths Online supports the Responsible Service of Alcohol. For liquor licence numbers visit the Liquor and Tobacco Licences page.

If you wish to voluntarily exclude yourself from being able to purchase alcohol from our site, you can find out more at our Alcohol Self Exclusion page.
© Woolworths Group Limited 1997-2025 - All Rights Reserved. Woolworths Group Privacy Policy Woolworths Group Cookies Statement Woolworths Collection Notice Terms & Conditions Accessibility
Feedback

================================================================================

=== PAGE 15 ===
URL: https://www.woolworths.com.au/shop/catalogue/view#view=list&saleId=62849&areaName=QLD&page=15
Scraped at: 2026-01-06T21:14:57.024479

Everyday & Other Services
Search milk on special
Lists &
Buy again
Log in or Sign up
My Account
View cart button
$0.00
           
          
           worth
           in total
        
Browse products
Specials & catalogue
undefined
Recipes & ideas
undefined
Get more value
undefined
Ways to shop
undefined
Help
undefined
Shop for business
Stores
Delivery to:
Set your Delivery address
Choose
Select a time:
View available times
Choose Time of Delivery. View available times
Choose
Home  /  Catalogues  /  Weekly Catalogue QLD
Home
Pages
Product List
Categories
Bookmarks
  Core PowerFoods Meals 350g
$7.50 each
Save $2.00
$2.14 per 100g
Special pricing for this catalogue is only available from Wednesday 7th January.
Offer valid Wed 7 Jan - Tue 13 Jan 2026
Birds Eye Deli Fish or Snacking Varieties 225-250g
$8.80 each
Save $2.20
Special pricing for this catalogue is only available from Wednesday 7th January.
Offer valid Wed 7 Jan - Tue 13 Jan 2026
Tegel Take Outs Chicken Tenders 500g
$12.00 each
Save $2.00
$24 per kg
Special pricing for this catalogue is only available from Wednesday 7th January.
Offer valid Wed 7 Jan - Tue 13 Jan 2026
McCain Healthy Choice Frozen Meals 280-350g
$4.50 each
Range was $5.00
Special pricing for this catalogue is only available from Wednesday 7th January.
Offer valid Wed 7 Jan - Tue 13 Jan 2026
Artisano Tray Bakes 650g
$10.00 each
Range was $11.95
$1.54 per 100g
Special pricing for this catalogue is only available from Wednesday 7th January.
Offer valid Wed 7 Jan - Tue 13 Jan 2026
Nice & Natural Fruit Snacks 120-136g Pk 6-8
$4.25 each
Save $1.35
Special pricing for this catalogue is only available from Wednesday 7th January.
Offer valid Wed 7 Jan - Tue 13 Jan 2026
Jordans Clusters or Granola 500-750g
$5.60 each
Save $1.40
Special pricing for this catalogue is only available from Wednesday 7th January.
Offer valid Wed 7 Jan - Tue 13 Jan 2026
Penotti Sweet Spread 380-400g
$4.00 each
Save $1.00
Special pricing for this catalogue is only available from Wednesday 7th January.
Offer valid Wed 7 Jan - Tue 13 Jan 2026
Milo Snack Bars 210-270g Pk 10
$6.50 each
Save $2.50
Special pricing for this catalogue is only available from Wednesday 7th January.
Offer valid Wed 7 Jan - Tue 13 Jan 2026
Cottee’s Jam 375g
Everyday Low Price
$3.50 each
93¢ per 100g
Special pricing for this catalogue is only available from Wednesday 7th January.
Offer valid Wed 7 Jan - Tue 13 Jan 2026
Mother Earth Oaty Slices 240g Pk 6
Everyday Low Price
$3.80 each
$1.58 per 100g
Special pricing for this catalogue is only available from Wednesday 7th January.
Offer valid Wed 7 Jan - Tue 13 Jan 2026
Bega Peanut Butter 755g
Everyday Low Price
$7.40 each
98¢ per 100g
Special pricing for this catalogue is only available from Wednesday 7th January.
Offer valid Wed 7 Jan - Tue 13 Jan 2026
Previous
13
14
15
16
17
Next
Offer valid Wed 7 Jan - Tue 13 Jan 2026
» Terms and Conditions
powered by Salefinder.com.au

Back to top
Customer Service
Help & Support
Contact Us
Feedback
Product Safety
Product Recalls
Return Policy
Scam Warning
Shop Groceries Online
View My Account
Pick up
Delivery
Delivery Now
New to Online Shopping?
Shop for your Business
Useful Links
Store Locations & Trading Hours
Everyday Rewards
Recipes & Easy Dinner Ideas
Woolworths Catalogue
Our pricing
Meal Planner
Woolworths Fresh Magazine
Woolworths Apps
About Woolworths
Careers
Our Brands
Woolworths Group Privacy Centre
Community
Suppliers
Become an Affiliate
Corporate Responsibility
Our Partners
Connect on Social
Follow us on Instagram, Opens in a new window
Follow us on Facebook, Opens in a new window
Follow us on Pinterest, Opens in a new window
Follow us on Youtube, Opens in a new window
Follow us on Twitter, Opens in a new window
We acknowledge the Traditional Owners and Custodians of Country throughout Australia. We pay our respects to all First Nations peoples and acknowledge Elders past and present.
Read more about our commitment to reconciliation
Woolworths Group aims to create more inclusive access for team members and customers with disabilities.
Website accessibility
New South Wales | Liquor Act 2007: No alcohol can be sold or supplied to anyone under 18. It's against the law.

For all Woolworths Online liquor orders, Woolworths Group is acting as an agent on behalf of Endeavour Group Limited (ABN 77 159 767 843). Pricing (including any 'was' or 'strikethrough' price) displayed on the Woolworths website and app for these liquor products are provided by Endeavour Group and reflects pricing on their BWS website which is set by location. They do not, however, include particular specials, clearances and offers which are exclusive to BWS. For Everyday Market from Woolworths orders involving the sale of liquor, Woolworths Marketplace Pty Limited is acting as an agent on behalf of the relevant Everyday Market partner. Woolworths Online supports the Responsible Service of Alcohol. For liquor licence numbers visit the Liquor and Tobacco Licences page.

If you wish to voluntarily exclude yourself from being able to purchase alcohol from our site, you can find out more at our Alcohol Self Exclusion page.
© Woolworths Group Limited 1997-2025 - All Rights Reserved. Woolworths Group Privacy Policy Woolworths Group Cookies Statement Woolworths Collection Notice Terms & Conditions Accessibility
Feedback

================================================================================

=== PAGE 16 ===
URL: https://www.woolworths.com.au/shop/catalogue/view#view=list&saleId=62849&areaName=QLD&page=16
Scraped at: 2026-01-06T21:15:14.128277

Everyday & Other Services
Search products, recipes & ideas
Lists &
Buy again
Log in or Sign up
My Account
View cart button
$0.00
           
          
           worth
           in total
        
Browse products
Specials & catalogue
undefined
Recipes & ideas
undefined
Get more value
undefined
Ways to shop
undefined
Help
undefined
Shop for business
Stores
Delivery to:
Set your Delivery address
Choose
Select a time:
View available times
Choose Time of Delivery. View available times
Choose
Home  /  Catalogues  /  Weekly Catalogue QLD
Home
Pages
Product List
Categories
Bookmarks
  Uncle Tobys Muesli Bars 469g Pk 15
Everyday Low Price
$8.00 each
$1.71 per 100g
Special pricing for this catalogue is only available from Wednesday 7th January.
Offer valid Wed 7 Jan - Tue 13 Jan 2026
Edgell Corn or Bean Varieties 400-420g
$1.70 each
Save $0.50
Special pricing for this catalogue is only available from Wednesday 7th January.
Offer valid Wed 7 Jan - Tue 13 Jan 2026
Sirena Tuna 95g
$2.30 each
Save $0.65
$24.21 per kg
Special pricing for this catalogue is only available from Wednesday 7th January.
Offer valid Wed 7 Jan - Tue 13 Jan 2026
Ben’s Original Microwave Rice 250g
$1.90 each
Better than 1/2 Price, Save $2.10
76¢ per 100g
Special pricing for this catalogue is only available from Wednesday 7th January.
Offer valid Wed 7 Jan - Tue 13 Jan 2026
MasterFoods Smokey Barbecue or Aussie Farmers Tomato Sauce 500ml
$2.90 each
40% off, Save $2.00
58¢ per 100ml
Special pricing for this catalogue is only available from Wednesday 7th January.
Offer valid Wed 7 Jan - Tue 13 Jan 2026
SunRice White Medium Grain Rice 10 kg
$19.00 each
1/2 Price, Save $19.00
19¢ per 100g
Special pricing for this catalogue is only available from Wednesday 7th January.
Offer valid Wed 7 Jan - Tue 13 Jan 2026
Betty Crocker Baking Treats Mixes 400-500g
$4.00 each
40% off, Save $3.00
Special pricing for this catalogue is only available from Wednesday 7th January.
Offer valid Wed 7 Jan - Tue 13 Jan 2026
Moccona Freeze Dried Coffee 400g
$26.00 each
Save $11.50
$6.50 per 100g
Special pricing for this catalogue is only available from Wednesday 7th January.
Offer valid Wed 7 Jan - Tue 13 Jan 2026
So Good Barista Almond or Oat Milk 1 Litre
$3.00 each
Save $1.00
$3 per litre
Special pricing for this catalogue is only available from Wednesday 7th January.
Offer valid Wed 7 Jan - Tue 13 Jan 2026
Nestle Milo 460g or Less Sugar 395g
$7.50 each
Save $3.25
Special pricing for this catalogue is only available from Wednesday 7th January.
Offer valid Wed 7 Jan - Tue 13 Jan 2026
Lipton Iced Tea Pk 20
$4.00 each
1/2 Price, Save $4.00
20¢ per ea
Special pricing for this catalogue is only available from Wednesday 7th January.
Offer valid Wed 7 Jan - Tue 13 Jan 2026
Grinders Beans or Ground Coffee 1 kg
$32.00 each
Save $14.00
$3.20 per 100g
Special pricing for this catalogue is only available from Wednesday 7th January.
Offer valid Wed 7 Jan - Tue 13 Jan 2026
Previous
14
15
16
17
18
Next
Offer valid Wed 7 Jan - Tue 13 Jan 2026
» Terms and Conditions
powered by Salefinder.com.au

Back to top
Customer Service
Help & Support
Contact Us
Feedback
Product Safety
Product Recalls
Return Policy
Scam Warning
Shop Groceries Online
View My Account
Pick up
Delivery
Delivery Now
New to Online Shopping?
Shop for your Business
Useful Links
Store Locations & Trading Hours
Everyday Rewards
Recipes & Easy Dinner Ideas
Woolworths Catalogue
Our pricing
Meal Planner
Woolworths Fresh Magazine
Woolworths Apps
About Woolworths
Careers
Our Brands
Woolworths Group Privacy Centre
Community
Suppliers
Become an Affiliate
Corporate Responsibility
Our Partners
Connect on Social
Follow us on Instagram, Opens in a new window
Follow us on Facebook, Opens in a new window
Follow us on Pinterest, Opens in a new window
Follow us on Youtube, Opens in a new window
Follow us on Twitter, Opens in a new window
We acknowledge the Traditional Owners and Custodians of Country throughout Australia. We pay our respects to all First Nations peoples and acknowledge Elders past and present.
Read more about our commitment to reconciliation
Woolworths Group aims to create more inclusive access for team members and customers with disabilities.
Website accessibility
New South Wales | Liquor Act 2007: No alcohol can be sold or supplied to anyone under 18. It's against the law.

For all Woolworths Online liquor orders, Woolworths Group is acting as an agent on behalf of Endeavour Group Limited (ABN 77 159 767 843). Pricing (including any 'was' or 'strikethrough' price) displayed on the Woolworths website and app for these liquor products are provided by Endeavour Group and reflects pricing on their BWS website which is set by location. They do not, however, include particular specials, clearances and offers which are exclusive to BWS. For Everyday Market from Woolworths orders involving the sale of liquor, Woolworths Marketplace Pty Limited is acting as an agent on behalf of the relevant Everyday Market partner. Woolworths Online supports the Responsible Service of Alcohol. For liquor licence numbers visit the Liquor and Tobacco Licences page.

If you wish to voluntarily exclude yourself from being able to purchase alcohol from our site, you can find out more at our Alcohol Self Exclusion page.
© Woolworths Group Limited 1997-2025 - All Rights Reserved. Woolworths Group Privacy Policy Woolworths Group Cookies Statement Woolworths Collection Notice Terms & Conditions Accessibility
Feedback

================================================================================

=== PAGE 17 ===
URL: https://www.woolworths.com.au/shop/catalogue/view#view=list&saleId=62849&areaName=QLD&page=17
Scraped at: 2026-01-06T21:15:31.203074

Everyday & Other Services
Search stone fruit in stock
Lists &
Buy again
Log in or Sign up
My Account
View cart button
$0.00
           
          
           worth
           in total
        
Browse products
Specials & catalogue
undefined
Recipes & ideas
undefined
Get more value
undefined
Ways to shop
undefined
Help
undefined
Shop for business
Stores
Delivery to:
Set your Delivery address
Choose
Select a time:
View available times
Choose Time of Delivery. View available times
Choose
Home  /  Catalogues  /  Weekly Catalogue QLD
Home
Pages
Product List
Categories
Bookmarks
  Woolworths Lamingtons Plain or Jam Pk 6
Everyday Low Price
$4.00 pk
67¢ per ea
Special pricing for this catalogue is only available from Wednesday 7th January.
Offer valid Wed 7 Jan - Tue 13 Jan 2026
Cadbury Dairy Milk Large Chocolate Blocks 315-345g
Everyday Low Price
$8.50 each
Special pricing for this catalogue is only available from Wednesday 7th January.
Offer valid Wed 7 Jan - Tue 13 Jan 2026
Sunbites Crackers 105-110g
$1.65 each
1/2 Price, Save $1.65
Special pricing for this catalogue is only available from Wednesday 7th January.
Offer valid Wed 7 Jan - Tue 13 Jan 2026
InfuZions Veggie Straws, Crackers or Rings 90g
$2.25 each
1/2 Price, Save $2.25
$2.50 per 100g
Special pricing for this catalogue is only available from Wednesday 7th January.
Offer valid Wed 7 Jan - Tue 13 Jan 2026
McVitie’s Milk or Dark Chocolate Digestives 266g
$3.30 each
40% off, Save $2.20
$1.24 per 100g
Special pricing for this catalogue is only available from Wednesday 7th January.
Offer valid Wed 7 Jan - Tue 13 Jan 2026
Vege Deli Crisps 100g – From the Health Food Aisle
$3.90 each
40% off, Save $2.60
$3.90 per 100g
Special pricing for this catalogue is only available from Wednesday 7th January.
Offer valid Wed 7 Jan - Tue 13 Jan 2026
TENA Mini Pads Pk 16-20 or TENA Pad Insta Dry Long Length Pk 8
$4.85 each
30% off, Save $2.15
Special pricing for this catalogue is only available from Wednesday 7th January.
Offer valid Wed 7 Jan - Tue 13 Jan 2026
L’Oréal Paris Revitalift Filler Plumping Serum 30ml
$36.00 each
40% off, Save $24.00
$120 per 100ml
Special pricing for this catalogue is only available from Wednesday 7th January.
Offer valid Wed 7 Jan - Tue 13 Jan 2026
Freshwater Farm Body Bar 200g
$2.85 each
40% off, Save $1.95
$1.42 per 100g
Special pricing for this catalogue is only available from Wednesday 7th January.
Offer valid Wed 7 Jan - Tue 13 Jan 2026
Freshwater Farm Hand Cream 100ml
$8.40 each
40% off, Save $5.60
$8.40 per 100ml
Special pricing for this catalogue is only available from Wednesday 7th January.
Offer valid Wed 7 Jan - Tue 13 Jan 2026
Freshwater Farm Hand Wash Refill 1 Litre
$10.80 each
40% off, Save $7.20
$1.08 per 100ml
Special pricing for this catalogue is only available from Wednesday 7th January.
Offer valid Wed 7 Jan - Tue 13 Jan 2026
Dove Beauty Bar Soap 90g x 2
$2.75 each
1/2 Price, Save $2.75
$1.53 per 100g
Special pricing for this catalogue is only available from Wednesday 7th January.
Offer valid Wed 7 Jan - Tue 13 Jan 2026
Previous
15
16
17
18
19
Next
Offer valid Wed 7 Jan - Tue 13 Jan 2026
» Terms and Conditions
powered by Salefinder.com.au

Back to top
Customer Service
Help & Support
Contact Us
Feedback
Product Safety
Product Recalls
Return Policy
Scam Warning
Shop Groceries Online
View My Account
Pick up
Delivery
Delivery Now
New to Online Shopping?
Shop for your Business
Useful Links
Store Locations & Trading Hours
Everyday Rewards
Recipes & Easy Dinner Ideas
Woolworths Catalogue
Our pricing
Meal Planner
Woolworths Fresh Magazine
Woolworths Apps
About Woolworths
Careers
Our Brands
Woolworths Group Privacy Centre
Community
Suppliers
Become an Affiliate
Corporate Responsibility
Our Partners
Connect on Social
Follow us on Instagram, Opens in a new window
Follow us on Facebook, Opens in a new window
Follow us on Pinterest, Opens in a new window
Follow us on Youtube, Opens in a new window
Follow us on Twitter, Opens in a new window
We acknowledge the Traditional Owners and Custodians of Country throughout Australia. We pay our respects to all First Nations peoples and acknowledge Elders past and present.
Read more about our commitment to reconciliation
Woolworths Group aims to create more inclusive access for team members and customers with disabilities.
Website accessibility
New South Wales | Liquor Act 2007: No alcohol can be sold or supplied to anyone under 18. It's against the law.

For all Woolworths Online liquor orders, Woolworths Group is acting as an agent on behalf of Endeavour Group Limited (ABN 77 159 767 843). Pricing (including any 'was' or 'strikethrough' price) displayed on the Woolworths website and app for these liquor products are provided by Endeavour Group and reflects pricing on their BWS website which is set by location. They do not, however, include particular specials, clearances and offers which are exclusive to BWS. For Everyday Market from Woolworths orders involving the sale of liquor, Woolworths Marketplace Pty Limited is acting as an agent on behalf of the relevant Everyday Market partner. Woolworths Online supports the Responsible Service of Alcohol. For liquor licence numbers visit the Liquor and Tobacco Licences page.

If you wish to voluntarily exclude yourself from being able to purchase alcohol from our site, you can find out more at our Alcohol Self Exclusion page.
© Woolworths Group Limited 1997-2025 - All Rights Reserved. Woolworths Group Privacy Policy Woolworths Group Cookies Statement Woolworths Collection Notice Terms & Conditions Accessibility
Feedback

================================================================================

=== PAGE 18 ===
URL: https://www.woolworths.com.au/shop/catalogue/view#view=list&saleId=62849&areaName=QLD&page=18
Scraped at: 2026-01-06T21:15:48.331421

Everyday & Other Services
Search Everyday Market
Lists &
Buy again
Log in or Sign up
My Account
View cart button
$0.00
           
          
           worth
           in total
        
Browse products
Specials & catalogue
undefined
Recipes & ideas
undefined
Get more value
undefined
Ways to shop
undefined
Help
undefined
Shop for business
Stores
Delivery to:
Set your Delivery address
Choose
Select a time:
View available times
Choose Time of Delivery. View available times
Choose
Home  /  Catalogues  /  Weekly Catalogue QLD
Home
Pages
Product List
Categories
Bookmarks
  Listerine Antibacterial Mouthwash 500ml
$4.00 each
1/2 Price, Save $4.00
80¢ per 100ml
Special pricing for this catalogue is only available from Wednesday 7th January.
Offer valid Wed 7 Jan - Tue 13 Jan 2026
Johnson’s Facial Wipes Pk 25
$4.30 each
Save $2.90
17¢ per ea
Special pricing for this catalogue is only available from Wednesday 7th January.
Offer valid Wed 7 Jan - Tue 13 Jan 2026
Plunkett’s 99% Pure Aloe Vera Soothing Gel Tube 75g
Everyday Low Price
$8.00 each
$10.67 per 100g
Special pricing for this catalogue is only available from Wednesday 7th January.
Offer valid Wed 7 Jan - Tue 13 Jan 2026
Nivea Sun Protect & Moisture SPF 50+ 1 Litre#
Everyday Low Price
$37.00 each
$3.70 per 100ml
Special pricing for this catalogue is only available from Wednesday 7th January.
Offer valid Wed 7 Jan - Tue 13 Jan 2026
Huggies Baby Wipes Pk 72-80
$3.00 each
40% off, Save $2.00
Special pricing for this catalogue is only available from Wednesday 7th January.
Offer valid Wed 7 Jan - Tue 13 Jan 2026
Huggies Ultra Dry Bulk Nappies Pk 30-54
$13.00 each
40% off, Save $9.00
Special pricing for this catalogue is only available from Wednesday 7th January.
Offer valid Wed 7 Jan - Tue 13 Jan 2026
Bunjie Baby Shampoo or Top To Toe Wash 500ml
$12.00 each
40% off, Save $8.00
$2.40 per 100ml
Special pricing for this catalogue is only available from Wednesday 7th January.
Offer valid Wed 7 Jan - Tue 13 Jan 2026
Nestlé NAN OPTIpro Toddler Formula Stage 3 800g
$20.00 each
Save $5.00
$2.50 per 100g
Special pricing for this catalogue is only available from Wednesday 7th January.
Offer valid Wed 7 Jan - Tue 13 Jan 2026
BabyLove Nappy Pants Pk 42-56
$24.00 each
Save $7.00
Special pricing for this catalogue is only available from Wednesday 7th January.
Offer valid Wed 7 Jan - Tue 13 Jan 2026
Funsicle Jumbo Fun Ball
$10.00 each
Special pricing for this catalogue is only available from Wednesday 7th January.
Offer valid Wed 7 Jan - Tue 13 Jan 2026
Jumbo Racket Set
$12.00 each
Special pricing for this catalogue is only available from Wednesday 7th January.
Offer valid Wed 7 Jan - Tue 13 Jan 2026
Golf Set
$14.00 each
Special pricing for this catalogue is only available from Wednesday 7th January.
Offer valid Wed 7 Jan - Tue 13 Jan 2026
Previous
16
17
18
19
20
Next
Offer valid Wed 7 Jan - Tue 13 Jan 2026
» Terms and Conditions
powered by Salefinder.com.au

Back to top
Customer Service
Help & Support
Contact Us
Feedback
Product Safety
Product Recalls
Return Policy
Scam Warning
Shop Groceries Online
View My Account
Pick up
Delivery
Delivery Now
New to Online Shopping?
Shop for your Business
Useful Links
Store Locations & Trading Hours
Everyday Rewards
Recipes & Easy Dinner Ideas
Woolworths Catalogue
Our pricing
Meal Planner
Woolworths Fresh Magazine
Woolworths Apps
About Woolworths
Careers
Our Brands
Woolworths Group Privacy Centre
Community
Suppliers
Become an Affiliate
Corporate Responsibility
Our Partners
Connect on Social
Follow us on Instagram, Opens in a new window
Follow us on Facebook, Opens in a new window
Follow us on Pinterest, Opens in a new window
Follow us on Youtube, Opens in a new window
Follow us on Twitter, Opens in a new window
We acknowledge the Traditional Owners and Custodians of Country throughout Australia. We pay our respects to all First Nations peoples and acknowledge Elders past and present.
Read more about our commitment to reconciliation
Woolworths Group aims to create more inclusive access for team members and customers with disabilities.
Website accessibility
New South Wales | Liquor Act 2007: No alcohol can be sold or supplied to anyone under 18. It's against the law.

For all Woolworths Online liquor orders, Woolworths Group is acting as an agent on behalf of Endeavour Group Limited (ABN 77 159 767 843). Pricing (including any 'was' or 'strikethrough' price) displayed on the Woolworths website and app for these liquor products are provided by Endeavour Group and reflects pricing on their BWS website which is set by location. They do not, however, include particular specials, clearances and offers which are exclusive to BWS. For Everyday Market from Woolworths orders involving the sale of liquor, Woolworths Marketplace Pty Limited is acting as an agent on behalf of the relevant Everyday Market partner. Woolworths Online supports the Responsible Service of Alcohol. For liquor licence numbers visit the Liquor and Tobacco Licences page.

If you wish to voluntarily exclude yourself from being able to purchase alcohol from our site, you can find out more at our Alcohol Self Exclusion page.
© Woolworths Group Limited 1997-2025 - All Rights Reserved. Woolworths Group Privacy Policy Woolworths Group Cookies Statement Woolworths Collection Notice Terms & Conditions Accessibility
Feedback

================================================================================

=== PAGE 19 ===
URL: https://www.woolworths.com.au/shop/catalogue/view#view=list&saleId=62849&areaName=QLD&page=19
Scraped at: 2026-01-06T21:16:05.419267

Everyday & Other Services
Search sunscreen on special
Search seafood in stock
Lists &
Buy again
Log in or Sign up
My Account
View cart button
$0.00
           
          
           worth
           in total
        
Browse products
Specials & catalogue
undefined
Recipes & ideas
undefined
Get more value
undefined
Ways to shop
undefined
Help
undefined
Shop for business
Stores
Delivery to:
Set your Delivery address
Choose
Select a time:
View available times
Choose Time of Delivery. View available times
Choose
Home  /  Catalogues  /  Weekly Catalogue QLD
Home
Pages
Product List
Categories
Bookmarks
  Go Play! Caterpillar Backyard Critter
$18.20 each
Save $7.80
Special pricing for this catalogue is only available from Wednesday 7th January.
Offer valid Wed 7 Jan - Tue 13 Jan 2026
Bestway Mediterranean Turtle Ride-On Pool Toy
$24.50 each
Save $10.50
Special pricing for this catalogue is only available from Wednesday 7th January.
Offer valid Wed 7 Jan - Tue 13 Jan 2026
H2O GO! Sponge Soakers Double Slide
$28.00 each
Save $7.00
Special pricing for this catalogue is only available from Wednesday 7th January.
Offer valid Wed 7 Jan - Tue 13 Jan 2026
Cold Power Laundry Liquid 2 Litre or Powder 2 kg
$12.00 each
1/2 Price, Save $12.00
$6 per litre/kg
Special pricing for this catalogue is only available from Wednesday 7th January.
Offer valid Wed 7 Jan - Tue 13 Jan 2026
Cold Power Laundry Capsules Pk 29
$13.00 each
1/2 Price, Save $13.00
45¢ per ea
Special pricing for this catalogue is only available from Wednesday 7th January.
Offer valid Wed 7 Jan - Tue 13 Jan 2026
Harpic Power Toilet Rim Block Pk 2
$5.50 each
1/2 Price, Save $5.50
$2.75 per ea
Special pricing for this catalogue is only available from Wednesday 7th January.
Offer valid Wed 7 Jan - Tue 13 Jan 2026
Morning Fresh Dishwashing Liquid 900ml
$5.00 each
1/2 Price, Save $5.00
56¢ per 100ml
Special pricing for this catalogue is only available from Wednesday 7th January.
Offer valid Wed 7 Jan - Tue 13 Jan 2026
Pine O Cleen Brand New Day Wipes Pk 110
$6.00 each
1/2 Price, Save $6.00
5¢ per ea
Special pricing for this catalogue is only available from Wednesday 7th January.
Offer valid Wed 7 Jan - Tue 13 Jan 2026
Handee Ultra Paper Towel Pk 3
$3.00 each
40% off, Save $2.00
$1.67 per 100 sheets
Special pricing for this catalogue is only available from Wednesday 7th January.
Offer valid Wed 7 Jan - Tue 13 Jan 2026
Listerine Freshburst Antibacterial Mouthwash 500ml
$4.00 each
1/2 Price, Save $4.00
80¢ per 100ml
Special pricing for this catalogue is only available from Wednesday 7th January.
Offer valid Wed 7 Jan - Tue 13 Jan 2026
Palmolive Foam Hand Wash Refill 1 Litre
$4.50 each
1/2 Price, Save $4.50
45¢ per 100ml
Special pricing for this catalogue is only available from Wednesday 7th January.
Offer valid Wed 7 Jan - Tue 13 Jan 2026
Finish Ultimate Plus Dishwasher Tablets Pk 82
$39.00 each
1/2 Price, Save $39.00
48¢ per ea
Special pricing for this catalogue is only available from Wednesday 7th January.
Offer valid Wed 7 Jan - Tue 13 Jan 2026
Previous
17
18
19
20
21
Next
Offer valid Wed 7 Jan - Tue 13 Jan 2026
» Terms and Conditions
powered by Salefinder.com.au

Back to top
Customer Service
Help & Support
Contact Us
Feedback
Product Safety
Product Recalls
Return Policy
Scam Warning
Shop Groceries Online
View My Account
Pick up
Delivery
Delivery Now
New to Online Shopping?
Shop for your Business
Useful Links
Store Locations & Trading Hours
Everyday Rewards
Recipes & Easy Dinner Ideas
Woolworths Catalogue
Our pricing
Meal Planner
Woolworths Fresh Magazine
Woolworths Apps
About Woolworths
Careers
Our Brands
Woolworths Group Privacy Centre
Community
Suppliers
Become an Affiliate
Corporate Responsibility
Our Partners
Connect on Social
Follow us on Instagram, Opens in a new window
Follow us on Facebook, Opens in a new window
Follow us on Pinterest, Opens in a new window
Follow us on Youtube, Opens in a new window
Follow us on Twitter, Opens in a new window
We acknowledge the Traditional Owners and Custodians of Country throughout Australia. We pay our respects to all First Nations peoples and acknowledge Elders past and present.
Read more about our commitment to reconciliation
Woolworths Group aims to create more inclusive access for team members and customers with disabilities.
Website accessibility
New South Wales | Liquor Act 2007: No alcohol can be sold or supplied to anyone under 18. It's against the law.

For all Woolworths Online liquor orders, Woolworths Group is acting as an agent on behalf of Endeavour Group Limited (ABN 77 159 767 843). Pricing (including any 'was' or 'strikethrough' price) displayed on the Woolworths website and app for these liquor products are provided by Endeavour Group and reflects pricing on their BWS website which is set by location. They do not, however, include particular specials, clearances and offers which are exclusive to BWS. For Everyday Market from Woolworths orders involving the sale of liquor, Woolworths Marketplace Pty Limited is acting as an agent on behalf of the relevant Everyday Market partner. Woolworths Online supports the Responsible Service of Alcohol. For liquor licence numbers visit the Liquor and Tobacco Licences page.

If you wish to voluntarily exclude yourself from being able to purchase alcohol from our site, you can find out more at our Alcohol Self Exclusion page.
© Woolworths Group Limited 1997-2025 - All Rights Reserved. Woolworths Group Privacy Policy Woolworths Group Cookies Statement Woolworths Collection Notice Terms & Conditions Accessibility
Feedback

================================================================================

=== PAGE 20 ===
URL: https://www.woolworths.com.au/shop/catalogue/view#view=list&saleId=62849&areaName=QLD&page=20
Scraped at: 2026-01-06T21:16:22.480045

Everyday & Other Services
Search milk on special
Lists &
Buy again
Log in or Sign up
My Account
View cart button
$0.00
           
          
           worth
           in total
        
Browse products
Specials & catalogue
undefined
Recipes & ideas
undefined
Get more value
undefined
Ways to shop
undefined
Help
undefined
Shop for business
Stores
Delivery to:
Set your Delivery address
Choose
Select a time:
View available times
Choose Time of Delivery. View available times
Choose
Home  /  Catalogues  /  Weekly Catalogue QLD
Home
Pages
Product List
Categories
Bookmarks
  Décor Microsafe Oblong Container 900ml
$3.25 each
1/2 Price, Save $3.25
Special pricing for this catalogue is only available from Wednesday 7th January.
Offer valid Wed 7 Jan - Tue 13 Jan 2026
Décor Microsafe Oblong Container 1.6 Litre
$4.35 each
1/2 Price, Save $4.35
Special pricing for this catalogue is only available from Wednesday 7th January.
Offer valid Wed 7 Jan - Tue 13 Jan 2026
Vileda Handi Dish Refillable Handle Pk 1
$2.40 each
1/2 Price, Save $2.40
Special pricing for this catalogue is only available from Wednesday 7th January.
Offer valid Wed 7 Jan - Tue 13 Jan 2026
Hygiene Plus Powder Free Vinyl Gloves Pk 100
$7.50 each
1/2 Price, Save $7.50
8¢ per ea
Special pricing for this catalogue is only available from Wednesday 7th January.
Offer valid Wed 7 Jan - Tue 13 Jan 2026
Hygiene Plus Tough Task Gloves Pk 75
$8.00 each
1/2 Price, Save $8.00
11¢ per ea
Special pricing for this catalogue is only available from Wednesday 7th January.
Offer valid Wed 7 Jan - Tue 13 Jan 2026
Energizer Max Batteries AA or AAA Pk 24
$15.00 each
1/2 Price, Save $15.00
63¢ per ea
Special pricing for this catalogue is only available from Wednesday 7th January.
Offer valid Wed 7 Jan - Tue 13 Jan 2026
Whiskas Wet Cat Food Pk 12 x 85g
$10.40 each
Save $2.60
$1.02 per 100g
Special pricing for this catalogue is only available from Wednesday 7th January.
Offer valid Wed 7 Jan - Tue 13 Jan 2026
Supercoat Dry Dog Food 2.6-2.8 kg
$12.50 each
Save $5.50
Special pricing for this catalogue is only available from Wednesday 7th January.
Offer valid Wed 7 Jan - Tue 13 Jan 2026
Ultimates Indulge Planet Friendly Wet Cat Food 85g
$1.50 each
Save $0.40
$1.76 per 100g
Special pricing for this catalogue is only available from Wednesday 7th January.
Offer valid Wed 7 Jan - Tue 13 Jan 2026
Dine Creamy Cat Treats Pk 4 x 12g
$3.20 each
Save $0.80
$6.67 per 100g
Special pricing for this catalogue is only available from Wednesday 7th January.
Offer valid Wed 7 Jan - Tue 13 Jan 2026
VIP Dog Food Roll 3 kg – From the Pet Food Chiller
$6.70 each
Save $2.30
22¢ per 100g
Special pricing for this catalogue is only available from Wednesday 7th January.
Offer valid Wed 7 Jan - Tue 13 Jan 2026
Purina One Dry Cat Food 450-500g
$5.40 each
Save $2.40
Special pricing for this catalogue is only available from Wednesday 7th January.
Offer valid Wed 7 Jan - Tue 13 Jan 2026
Previous
18
19
20
21
22
Next
Offer valid Wed 7 Jan - Tue 13 Jan 2026
» Terms and Conditions
powered by Salefinder.com.au

Back to top
Customer Service
Help & Support
Contact Us
Feedback
Product Safety
Product Recalls
Return Policy
Scam Warning
Shop Groceries Online
View My Account
Pick up
Delivery
Delivery Now
New to Online Shopping?
Shop for your Business
Useful Links
Store Locations & Trading Hours
Everyday Rewards
Recipes & Easy Dinner Ideas
Woolworths Catalogue
Our pricing
Meal Planner
Woolworths Fresh Magazine
Woolworths Apps
About Woolworths
Careers
Our Brands
Woolworths Group Privacy Centre
Community
Suppliers
Become an Affiliate
Corporate Responsibility
Our Partners
Connect on Social
Follow us on Instagram, Opens in a new window
Follow us on Facebook, Opens in a new window
Follow us on Pinterest, Opens in a new window
Follow us on Youtube, Opens in a new window
Follow us on Twitter, Opens in a new window
We acknowledge the Traditional Owners and Custodians of Country throughout Australia. We pay our respects to all First Nations peoples and acknowledge Elders past and present.
Read more about our commitment to reconciliation
Woolworths Group aims to create more inclusive access for team members and customers with disabilities.
Website accessibility
New South Wales | Liquor Act 2007: No alcohol can be sold or supplied to anyone under 18. It's against the law.

For all Woolworths Online liquor orders, Woolworths Group is acting as an agent on behalf of Endeavour Group Limited (ABN 77 159 767 843). Pricing (including any 'was' or 'strikethrough' price) displayed on the Woolworths website and app for these liquor products are provided by Endeavour Group and reflects pricing on their BWS website which is set by location. They do not, however, include particular specials, clearances and offers which are exclusive to BWS. For Everyday Market from Woolworths orders involving the sale of liquor, Woolworths Marketplace Pty Limited is acting as an agent on behalf of the relevant Everyday Market partner. Woolworths Online supports the Responsible Service of Alcohol. For liquor licence numbers visit the Liquor and Tobacco Licences page.

If you wish to voluntarily exclude yourself from being able to purchase alcohol from our site, you can find out more at our Alcohol Self Exclusion page.
© Woolworths Group Limited 1997-2025 - All Rights Reserved. Woolworths Group Privacy Policy Woolworths Group Cookies Statement Woolworths Collection Notice Terms & Conditions Accessibility
Feedback

================================================================================

=== PAGE 21 ===
URL: https://www.woolworths.com.au/shop/catalogue/view#view=list&saleId=62849&areaName=QLD&page=21
Scraped at: 2026-01-06T21:16:39.546653

Everyday & Other Services
Search products, recipes & ideas
Lists &
Buy again
Log in or Sign up
My Account
View cart button
$0.00
           
          
           worth
           in total
        
Browse products
Specials & catalogue
undefined
Recipes & ideas
undefined
Get more value
undefined
Ways to shop
undefined
Help
undefined
Shop for business
Stores
Delivery to:
Set your Delivery address
Choose
Select a time:
View available times
Choose Time of Delivery. View available times
Choose
Home  /  Catalogues  /  Weekly Catalogue QLD
Home
Pages
Product List
Categories
Bookmarks
  Vitapet Tenders Dog Treats 80-100g
$6.00 each
Save $3.00
Special pricing for this catalogue is only available from Wednesday 7th January.
Offer valid Wed 7 Jan - Tue 13 Jan 2026
Bow Wow Pig Ears Dog Treats Pk 5
$11.00 each
Save $5.00
$2.20 per ea
Special pricing for this catalogue is only available from Wednesday 7th January.
Offer valid Wed 7 Jan - Tue 13 Jan 2026
Breeder’s Choice Paper Cat Litter 24 Litre
$25.00 each
Was $30.00
$1.04 per 100g
Special pricing for this catalogue is only available from Wednesday 7th January.
Offer valid Wed 7 Jan - Tue 13 Jan 2026
Pedigree Dry Dog Food 8 kg
$24.50 each
Range was $30.50
31¢ per 100g
Special pricing for this catalogue is only available from Wednesday 7th January.
Offer valid Wed 7 Jan - Tue 13 Jan 2026
Chicken Garlic Kyiv – From the Deli
$1.50 each
1/2 Price, Save $1.50
Special pricing for this catalogue is only available from Wednesday 7th January.
Offer valid Wed 7 Jan - Tue 13 Jan 2026
Maggi 2 Minute Noodles 345-395g Pk 5
$2.50 each
1/2 Price, Save $2.50
Special pricing for this catalogue is only available from Wednesday 7th January.
Offer valid Wed 7 Jan - Tue 13 Jan 2026
Quilton Toilet Paper Pk 8
$4.30 each
1/2 Price, Save $4.30
30¢ per 100 sheets
Special pricing for this catalogue is only available from Wednesday 7th January.
Offer valid Wed 7 Jan - Tue 13 Jan 2026
Nescafé Coffee Sachets Pk 8-10
$4.00 each
1/2 Price, Save $4.00
Special pricing for this catalogue is only available from Wednesday 7th January.
Offer valid Wed 7 Jan - Tue 13 Jan 2026
35hr Sourdough Loaf Varieties*
$6.25 each
Range was $7.00
Special pricing for this catalogue is only available from Wednesday 7th January.
Offer valid Wed 7 Jan - Tue 13 Jan 2026
Simson's Pantry White or Wholegrain Wraps 528g Pk 8
$4.00 each
Save $1.00
76¢ per 100g
Special pricing for this catalogue is only available from Wednesday 7th January.
Offer valid Wed 7 Jan - Tue 13 Jan 2026
Mini Pastry Varieties Pk 8*
$4.00 pk
Save $0.60
50¢ per ea
Special pricing for this catalogue is only available from Wednesday 7th January.
Offer valid Wed 7 Jan - Tue 13 Jan 2026
Woolworths Donut Varieties Pk 4
$5.50 pk
Save $0.50
$1.38 per ea
Special pricing for this catalogue is only available from Wednesday 7th January.
Offer valid Wed 7 Jan - Tue 13 Jan 2026
Previous
19
20
21
22
23
Next
Offer valid Wed 7 Jan - Tue 13 Jan 2026
» Terms and Conditions
powered by Salefinder.com.au

Back to top
Customer Service
Help & Support
Contact Us
Feedback
Product Safety
Product Recalls
Return Policy
Scam Warning
Shop Groceries Online
View My Account
Pick up
Delivery
Delivery Now
New to Online Shopping?
Shop for your Business
Useful Links
Store Locations & Trading Hours
Everyday Rewards
Recipes & Easy Dinner Ideas
Woolworths Catalogue
Our pricing
Meal Planner
Woolworths Fresh Magazine
Woolworths Apps
About Woolworths
Careers
Our Brands
Woolworths Group Privacy Centre
Community
Suppliers
Become an Affiliate
Corporate Responsibility
Our Partners
Connect on Social
Follow us on Instagram, Opens in a new window
Follow us on Facebook, Opens in a new window
Follow us on Pinterest, Opens in a new window
Follow us on Youtube, Opens in a new window
Follow us on Twitter, Opens in a new window
We acknowledge the Traditional Owners and Custodians of Country throughout Australia. We pay our respects to all First Nations peoples and acknowledge Elders past and present.
Read more about our commitment to reconciliation
Woolworths Group aims to create more inclusive access for team members and customers with disabilities.
Website accessibility
New South Wales | Liquor Act 2007: No alcohol can be sold or supplied to anyone under 18. It's against the law.

For all Woolworths Online liquor orders, Woolworths Group is acting as an agent on behalf of Endeavour Group Limited (ABN 77 159 767 843). Pricing (including any 'was' or 'strikethrough' price) displayed on the Woolworths website and app for these liquor products are provided by Endeavour Group and reflects pricing on their BWS website which is set by location. They do not, however, include particular specials, clearances and offers which are exclusive to BWS. For Everyday Market from Woolworths orders involving the sale of liquor, Woolworths Marketplace Pty Limited is acting as an agent on behalf of the relevant Everyday Market partner. Woolworths Online supports the Responsible Service of Alcohol. For liquor licence numbers visit the Liquor and Tobacco Licences page.

If you wish to voluntarily exclude yourself from being able to purchase alcohol from our site, you can find out more at our Alcohol Self Exclusion page.
© Woolworths Group Limited 1997-2025 - All Rights Reserved. Woolworths Group Privacy Policy Woolworths Group Cookies Statement Woolworths Collection Notice Terms & Conditions Accessibility
Feedback

================================================================================

=== PAGE 22 ===
URL: https://www.woolworths.com.au/shop/catalogue/view#view=list&saleId=62849&areaName=QLD&page=22
Scraped at: 2026-01-06T21:16:56.617182

Everyday & Other Services
Search stone fruit in stock
Lists &
Buy again
Log in or Sign up
My Account
View cart button
$0.00
           
          
           worth
           in total
        
Browse products
Specials & catalogue
undefined
Recipes & ideas
undefined
Get more value
undefined
Ways to shop
undefined
Help
undefined
Shop for business
Stores
Delivery to:
Set your Delivery address
Choose
Select a time:
View available times
Choose Time of Delivery. View available times
Choose
Home  /  Catalogues  /  Weekly Catalogue QLD
Home
Pages
Product List
Categories
Bookmarks
  Ciabatta Roll Varieties Pk 4*
Everyday Low Price
$3.75 pk
94¢ per ea
Special pricing for this catalogue is only available from Wednesday 7th January.
Offer valid Wed 7 Jan - Tue 13 Jan 2026
Glicks Bagel Varieties 360g Pk 4
Everyday Low Price
$3.90 each
$1.08 per 100g
Special pricing for this catalogue is only available from Wednesday 7th January.
Offer valid Wed 7 Jan - Tue 13 Jan 2026
Woolworths Hot Dog Rolls Pk 6
Everyday Low Price
$2.75 pk
46¢ per ea
Special pricing for this catalogue is only available from Wednesday 7th January.
Offer valid Wed 7 Jan - Tue 13 Jan 2026
Woolworths Muffin Varieties Pk 4-8
Everyday Low Price
$4.50 pk
Special pricing for this catalogue is only available from Wednesday 7th January.
Offer valid Wed 7 Jan - Tue 13 Jan 2026
Woolworths Banana Bread Slices Pk 5
Everyday Low Price
$5.75 pk
$1.15 per ea
Special pricing for this catalogue is only available from Wednesday 7th January.
Offer valid Wed 7 Jan - Tue 13 Jan 2026
Woolworths Hot Cross Bun Varieties Pk 6-9*
$4.40 pk
Special pricing for this catalogue is only available from Wednesday 7th January.
Offer valid Wed 7 Jan - Tue 13 Jan 2026
Australian Gold Sweet Potatoes 1 kg Pack
$4.90 pk
$4.90 per kg
Special pricing for this catalogue is only available from Wednesday 7th January.
Offer valid Wed 7 Jan - Tue 13 Jan 2026
Australian Clean & Cut Green Beans 340g Pack
$6.10 pk
$17.94 per kg
Special pricing for this catalogue is only available from Wednesday 7th January.
Offer valid Wed 7 Jan - Tue 13 Jan 2026
Woolworths COOK Pork Fillet with Smoked Garlic & Black Pepper
$23.00 kg
Special pricing for this catalogue is only available from Wednesday 7th January.
Offer valid Wed 7 Jan - Tue 13 Jan 2026
Woolworths Soft & Chewy Apple Cookies 225g
$3.00 each
1/2 Price, Save $3.00
$1.33 per 100g
Special pricing for this catalogue is only available from Wednesday 7th January.
Offer valid Wed 7 Jan - Tue 13 Jan 2026
Woolworths Snack Apple Pies 450g Pk 4 – From the Freezer
Everyday Low Price
$3.80 each
84¢ per 100g
Special pricing for this catalogue is only available from Wednesday 7th January.
Offer valid Wed 7 Jan - Tue 13 Jan 2026
Woolworths Chicken Parmi Balls 240g – From the Freezer
3 for $15.00
Save $2.40
$2.08 per 100g
Special pricing for this catalogue is only available from Wednesday 7th January.
Offer valid Wed 7 Jan - Tue 13 Jan 2026
Previous
19
20
21
22
23
24
Next
Offer valid Wed 7 Jan - Tue 13 Jan 2026
» Terms and Conditions
powered by Salefinder.com.au

Back to top
Customer Service
Help & Support
Contact Us
Feedback
Product Safety
Product Recalls
Return Policy
Scam Warning
Shop Groceries Online
View My Account
Pick up
Delivery
Delivery Now
New to Online Shopping?
Shop for your Business
Useful Links
Store Locations & Trading Hours
Everyday Rewards
Recipes & Easy Dinner Ideas
Woolworths Catalogue
Our pricing
Meal Planner
Woolworths Fresh Magazine
Woolworths Apps
About Woolworths
Careers
Our Brands
Woolworths Group Privacy Centre
Community
Suppliers
Become an Affiliate
Corporate Responsibility
Our Partners
Connect on Social
Follow us on Instagram, Opens in a new window
Follow us on Facebook, Opens in a new window
Follow us on Pinterest, Opens in a new window
Follow us on Youtube, Opens in a new window
Follow us on Twitter, Opens in a new window
We acknowledge the Traditional Owners and Custodians of Country throughout Australia. We pay our respects to all First Nations peoples and acknowledge Elders past and present.
Read more about our commitment to reconciliation
Woolworths Group aims to create more inclusive access for team members and customers with disabilities.
Website accessibility
New South Wales | Liquor Act 2007: No alcohol can be sold or supplied to anyone under 18. It's against the law.

For all Woolworths Online liquor orders, Woolworths Group is acting as an agent on behalf of Endeavour Group Limited (ABN 77 159 767 843). Pricing (including any 'was' or 'strikethrough' price) displayed on the Woolworths website and app for these liquor products are provided by Endeavour Group and reflects pricing on their BWS website which is set by location. They do not, however, include particular specials, clearances and offers which are exclusive to BWS. For Everyday Market from Woolworths orders involving the sale of liquor, Woolworths Marketplace Pty Limited is acting as an agent on behalf of the relevant Everyday Market partner. Woolworths Online supports the Responsible Service of Alcohol. For liquor licence numbers visit the Liquor and Tobacco Licences page.

If you wish to voluntarily exclude yourself from being able to purchase alcohol from our site, you can find out more at our Alcohol Self Exclusion page.
© Woolworths Group Limited 1997-2025 - All Rights Reserved. Woolworths Group Privacy Policy Woolworths Group Cookies Statement Woolworths Collection Notice Terms & Conditions Accessibility
Feedback

================================================================================

=== PAGE 23 ===
URL: https://www.woolworths.com.au/shop/catalogue/view#view=list&saleId=62849&areaName=QLD&page=23
Scraped at: 2026-01-06T21:17:13.709479

Everyday & Other Services
Search Everyday Market
Lists &
Buy again
Log in or Sign up
My Account
View cart button
$0.00
           
          
           worth
           in total
        
Browse products
Specials & catalogue
undefined
Recipes & ideas
undefined
Get more value
undefined
Ways to shop
undefined
Help
undefined
Shop for business
Stores
Delivery to:
Set your Delivery address
Choose
Select a time:
View available times
Choose Time of Delivery. View available times
Choose
Home  /  Catalogues  /  Weekly Catalogue QLD
Home
Pages
Product List
Categories
Bookmarks
  Woolworths Lightly Sparkling Water Varieties 6 x 250ml
Everyday Low Price
$6.00 each
$4 per litre
Special pricing for this catalogue is only available from Wednesday 7th January.
Offer valid Wed 7 Jan - Tue 13 Jan 2026
Woolworths Australian Beef Smash Burgers 450g Pk 6
$7.50 each
Was $8.50
$16.67 per kg
Special pricing for this catalogue is only available from Wednesday 7th January.
Offer valid Wed 7 Jan - Tue 13 Jan 2026
Celsius Energy Drink 330ml
$2.80 each
Save $1.20
$8.48 per litre
Special pricing for this catalogue is only available from Wednesday 7th January.
Offer valid Wed 7 Jan - Tue 13 Jan 2026
Lyca $40 SIM Starter Pack~
$12.00 each
Better than 1/2 Price, Save $28.00
Special pricing for this catalogue is only available from Wednesday 7th January.
Offer valid Wed 7 Jan - Tue 13 Jan 2026
Belong $30 Starter Pack||
$15.00 each
1/2 Price, Save $15.00
Special pricing for this catalogue is only available from Wednesday 7th January.
Offer valid Wed 7 Jan - Tue 13 Jan 2026
Lebara $24.90 Starter Pack#
$10.00 each
Better than 1/2 Price, Save $14.90
Special pricing for this catalogue is only available from Wednesday 7th January.
Offer valid Wed 7 Jan - Tue 13 Jan 2026
Telstra $49 Starter PackΔ
$17.00 each
Better than 1/2 Price, Save $32.00
Special pricing for this catalogue is only available from Wednesday 7th January.
Offer valid Wed 7 Jan - Tue 13 Jan 2026
Optus X Total‡
$89.00 each
Save $40.00
Special pricing for this catalogue is only available from Wednesday 7th January.
Offer valid Wed 7 Jan - Tue 13 Jan 2026
Telstra T- Elite 5GΔ
$149.00 each
Save $30.00
Special pricing for this catalogue is only available from Wednesday 7th January.
Offer valid Wed 7 Jan - Tue 13 Jan 2026
amaysim $270 Starter Pack§
$175.00 each
Save $95.00
Special pricing for this catalogue is only available from Wednesday 7th January.
Offer valid Wed 7 Jan - Tue 13 Jan 2026
amaysim $25 Starter Pack§
$10.00 each
Better than 1/2 Price, Save $15.00
Special pricing for this catalogue is only available from Wednesday 7th January.
Offer valid Wed 7 Jan - Tue 13 Jan 2026
amaysim $35 Starter Pack§
$12.00 each
Better than 1/2 Price, Save $23.00
Special pricing for this catalogue is only available from Wednesday 7th January.
Offer valid Wed 7 Jan - Tue 13 Jan 2026
Previous
19
20
21
22
23
24
Next
Offer valid Wed 7 Jan - Tue 13 Jan 2026
» Terms and Conditions
powered by Salefinder.com.au

Back to top
Customer Service
Help & Support
Contact Us
Feedback
Product Safety
Product Recalls
Return Policy
Scam Warning
Shop Groceries Online
View My Account
Pick up
Delivery
Delivery Now
New to Online Shopping?
Shop for your Business
Useful Links
Store Locations & Trading Hours
Everyday Rewards
Recipes & Easy Dinner Ideas
Woolworths Catalogue
Our pricing
Meal Planner
Woolworths Fresh Magazine
Woolworths Apps
About Woolworths
Careers
Our Brands
Woolworths Group Privacy Centre
Community
Suppliers
Become an Affiliate
Corporate Responsibility
Our Partners
Connect on Social
Follow us on Instagram, Opens in a new window
Follow us on Facebook, Opens in a new window
Follow us on Pinterest, Opens in a new window
Follow us on Youtube, Opens in a new window
Follow us on Twitter, Opens in a new window
We acknowledge the Traditional Owners and Custodians of Country throughout Australia. We pay our respects to all First Nations peoples and acknowledge Elders past and present.
Read more about our commitment to reconciliation
Woolworths Group aims to create more inclusive access for team members and customers with disabilities.
Website accessibility
New South Wales | Liquor Act 2007: No alcohol can be sold or supplied to anyone under 18. It's against the law.

For all Woolworths Online liquor orders, Woolworths Group is acting as an agent on behalf of Endeavour Group Limited (ABN 77 159 767 843). Pricing (including any 'was' or 'strikethrough' price) displayed on the Woolworths website and app for these liquor products are provided by Endeavour Group and reflects pricing on their BWS website which is set by location. They do not, however, include particular specials, clearances and offers which are exclusive to BWS. For Everyday Market from Woolworths orders involving the sale of liquor, Woolworths Marketplace Pty Limited is acting as an agent on behalf of the relevant Everyday Market partner. Woolworths Online supports the Responsible Service of Alcohol. For liquor licence numbers visit the Liquor and Tobacco Licences page.

If you wish to voluntarily exclude yourself from being able to purchase alcohol from our site, you can find out more at our Alcohol Self Exclusion page.
© Woolworths Group Limited 1997-2025 - All Rights Reserved. Woolworths Group Privacy Policy Woolworths Group Cookies Statement Woolworths Collection Notice Terms & Conditions Accessibility
Feedback

================================================================================

=== PAGE 24 ===
URL: https://www.woolworths.com.au/shop/catalogue/view#view=list&saleId=62849&areaName=QLD&page=24
Scraped at: 2026-01-06T21:17:30.765759

Everyday & Other Services
Search sunscreen on special
Lists &
Buy again
Log in or Sign up
My Account
View cart button
$0.00
           
          
           worth
           in total
        
Browse products
Specials & catalogue
undefined
Recipes & ideas
undefined
Get more value
undefined
Ways to shop
undefined
Help
undefined
Shop for business
Stores
Delivery to:
Set your Delivery address
Choose
Select a time:
View available times
Choose Time of Delivery. View available times
Choose
Home  /  Catalogues  /  Weekly Catalogue QLD
Home
Pages
Product List
Categories
Bookmarks
  amaysim $99 Starter Pack§
$49.00 each
Better than 1/2 Price, Save $50.00
Special pricing for this catalogue is only available from Wednesday 7th January.
Offer valid Wed 7 Jan - Tue 13 Jan 2026
Previous
19
20
21
22
23
24
Next
Offer valid Wed 7 Jan - Tue 13 Jan 2026
» Terms and Conditions
powered by Salefinder.com.au

Back to top
Customer Service
Help & Support
Contact Us
Feedback
Product Safety
Product Recalls
Return Policy
Scam Warning
Shop Groceries Online
View My Account
Pick up
Delivery
Delivery Now
New to Online Shopping?
Shop for your Business
Useful Links
Store Locations & Trading Hours
Everyday Rewards
Recipes & Easy Dinner Ideas
Woolworths Catalogue
Our pricing
Meal Planner
Woolworths Fresh Magazine
Woolworths Apps
About Woolworths
Careers
Our Brands
Woolworths Group Privacy Centre
Community
Suppliers
Become an Affiliate
Corporate Responsibility
Our Partners
Connect on Social
Follow us on Instagram, Opens in a new window
Follow us on Facebook, Opens in a new window
Follow us on Pinterest, Opens in a new window
Follow us on Youtube, Opens in a new window
Follow us on Twitter, Opens in a new window
We acknowledge the Traditional Owners and Custodians of Country throughout Australia. We pay our respects to all First Nations peoples and acknowledge Elders past and present.
Read more about our commitment to reconciliation
Woolworths Group aims to create more inclusive access for team members and customers with disabilities.
Website accessibility
New South Wales | Liquor Act 2007: No alcohol can be sold or supplied to anyone under 18. It's against the law.

For all Woolworths Online liquor orders, Woolworths Group is acting as an agent on behalf of Endeavour Group Limited (ABN 77 159 767 843). Pricing (including any 'was' or 'strikethrough' price) displayed on the Woolworths website and app for these liquor products are provided by Endeavour Group and reflects pricing on their BWS website which is set by location. They do not, however, include particular specials, clearances and offers which are exclusive to BWS. For Everyday Market from Woolworths orders involving the sale of liquor, Woolworths Marketplace Pty Limited is acting as an agent on behalf of the relevant Everyday Market partner. Woolworths Online supports the Responsible Service of Alcohol. For liquor licence numbers visit the Liquor and Tobacco Licences page.

If you wish to voluntarily exclude yourself from being able to purchase alcohol from our site, you can find out more at our Alcohol Self Exclusion page.
© Woolworths Group Limited 1997-2025 - All Rights Reserved. Woolworths Group Privacy Policy Woolworths Group Cookies Statement Woolworths Collection Notice Terms & Conditions Accessibility
Feedback

================================================================================

=== PAGE 25 ===
URL: https://www.woolworths.com.au/shop/catalogue/view#view=list&saleId=62849&areaName=QLD&page=25
Scraped at: 2026-01-06T21:17:47.803239

Everyday & Other Services
Search eggs in stock
Lists &
Buy again
Log in or Sign up
My Account
View cart button
$0.00
           
          
           worth
           in total
        
Browse products
Specials & catalogue
undefined
Recipes & ideas
undefined
Get more value
undefined
Ways to shop
undefined
Help
undefined
Shop for business
Stores
Delivery to:
Set your Delivery address
Choose
Select a time:
View available times
Choose Time of Delivery. View available times
Choose
Home  /  Catalogues  /  Weekly Catalogue QLD
Home
Pages
Product List
Categories
Bookmarks
  Previous
19
20
21
22
23
24
Next
Sorry, no product found.
Offer valid Wed 7 Jan - Tue 13 Jan 2026
» Terms and Conditions
powered by Salefinder.com.au

Back to top
Customer Service
Help & Support
Contact Us
Feedback
Product Safety
Product Recalls
Return Policy
Scam Warning
Shop Groceries Online
View My Account
Pick up
Delivery
Delivery Now
New to Online Shopping?
Shop for your Business
Useful Links
Store Locations & Trading Hours
Everyday Rewards
Recipes & Easy Dinner Ideas
Woolworths Catalogue
Our pricing
Meal Planner
Woolworths Fresh Magazine
Woolworths Apps
About Woolworths
Careers
Our Brands
Woolworths Group Privacy Centre
Community
Suppliers
Become an Affiliate
Corporate Responsibility
Our Partners
Connect on Social
Follow us on Instagram, Opens in a new window
Follow us on Facebook, Opens in a new window
Follow us on Pinterest, Opens in a new window
Follow us on Youtube, Opens in a new window
Follow us on Twitter, Opens in a new window
We acknowledge the Traditional Owners and Custodians of Country throughout Australia. We pay our respects to all First Nations peoples and acknowledge Elders past and present.
Read more about our commitment to reconciliation
Woolworths Group aims to create more inclusive access for team members and customers with disabilities.
Website accessibility
New South Wales | Liquor Act 2007: No alcohol can be sold or supplied to anyone under 18. It's against the law.

For all Woolworths Online liquor orders, Woolworths Group is acting as an agent on behalf of Endeavour Group Limited (ABN 77 159 767 843). Pricing (including any 'was' or 'strikethrough' price) displayed on the Woolworths website and app for these liquor products are provided by Endeavour Group and reflects pricing on their BWS website which is set by location. They do not, however, include particular specials, clearances and offers which are exclusive to BWS. For Everyday Market from Woolworths orders involving the sale of liquor, Woolworths Marketplace Pty Limited is acting as an agent on behalf of the relevant Everyday Market partner. Woolworths Online supports the Responsible Service of Alcohol. For liquor licence numbers visit the Liquor and Tobacco Licences page.

If you wish to voluntarily exclude yourself from being able to purchase alcohol from our site, you can find out more at our Alcohol Self Exclusion page.
© Woolworths Group Limited 1997-2025 - All Rights Reserved. Woolworths Group Privacy Policy Woolworths Group Cookies Statement Woolworths Collection Notice Terms & Conditions Accessibility
Feedback

================================================================================

=== PAGE 26 ===
URL: https://www.woolworths.com.au/shop/catalogue/view#view=list&saleId=62849&areaName=QLD&page=26
Scraped at: 2026-01-06T21:18:04.836657

Everyday & Other Services
Search seafood in stock
Lists &
Buy again
Log in or Sign up
My Account
View cart button
$0.00
           
          
           worth
           in total
        
Browse products
Specials & catalogue
undefined
Recipes & ideas
undefined
Get more value
undefined
Ways to shop
undefined
Help
undefined
Shop for business
Stores
Delivery to:
Set your Delivery address
Choose
Select a time:
View available times
Choose Time of Delivery. View available times
Choose
Home  /  Catalogues  /  Weekly Catalogue QLD
Home
Pages
Product List
Categories
Bookmarks
  Previous
19
20
21
22
23
24
Next
Sorry, no product found.
Offer valid Wed 7 Jan - Tue 13 Jan 2026
» Terms and Conditions
powered by Salefinder.com.au

Back to top
Customer Service
Help & Support
Contact Us
Feedback
Product Safety
Product Recalls
Return Policy
Scam Warning
Shop Groceries Online
View My Account
Pick up
Delivery
Delivery Now
New to Online Shopping?
Shop for your Business
Useful Links
Store Locations & Trading Hours
Everyday Rewards
Recipes & Easy Dinner Ideas
Woolworths Catalogue
Our pricing
Meal Planner
Woolworths Fresh Magazine
Woolworths Apps
About Woolworths
Careers
Our Brands
Woolworths Group Privacy Centre
Community
Suppliers
Become an Affiliate
Corporate Responsibility
Our Partners
Connect on Social
Follow us on Instagram, Opens in a new window
Follow us on Facebook, Opens in a new window
Follow us on Pinterest, Opens in a new window
Follow us on Youtube, Opens in a new window
Follow us on Twitter, Opens in a new window
We acknowledge the Traditional Owners and Custodians of Country throughout Australia. We pay our respects to all First Nations peoples and acknowledge Elders past and present.
Read more about our commitment to reconciliation
Woolworths Group aims to create more inclusive access for team members and customers with disabilities.
Website accessibility
New South Wales | Liquor Act 2007: No alcohol can be sold or supplied to anyone under 18. It's against the law.

For all Woolworths Online liquor orders, Woolworths Group is acting as an agent on behalf of Endeavour Group Limited (ABN 77 159 767 843). Pricing (including any 'was' or 'strikethrough' price) displayed on the Woolworths website and app for these liquor products are provided by Endeavour Group and reflects pricing on their BWS website which is set by location. They do not, however, include particular specials, clearances and offers which are exclusive to BWS. For Everyday Market from Woolworths orders involving the sale of liquor, Woolworths Marketplace Pty Limited is acting as an agent on behalf of the relevant Everyday Market partner. Woolworths Online supports the Responsible Service of Alcohol. For liquor licence numbers visit the Liquor and Tobacco Licences page.

If you wish to voluntarily exclude yourself from being able to purchase alcohol from our site, you can find out more at our Alcohol Self Exclusion page.
© Woolworths Group Limited 1997-2025 - All Rights Reserved. Woolworths Group Privacy Policy Woolworths Group Cookies Statement Woolworths Collection Notice Terms & Conditions Accessibility
Feedback

================================================================================

=== PAGE 27 ===
URL: https://www.woolworths.com.au/shop/catalogue/view#view=list&saleId=62849&areaName=QLD&page=27
Scraped at: 2026-01-06T21:18:21.876098

Everyday & Other Services
Search milk on special
Lists &
Buy again
Log in or Sign up
My Account
View cart button
$0.00
           
          
           worth
           in total
        
Browse products
Specials & catalogue
undefined
Recipes & ideas
undefined
Get more value
undefined
Ways to shop
undefined
Help
undefined
Shop for business
Stores
Delivery to:
Set your Delivery address
Choose
Select a time:
View available times
Choose Time of Delivery. View available times
Choose
Home  /  Catalogues  /  Weekly Catalogue QLD
Home
Pages
Product List
Categories
Bookmarks
  Previous
19
20
21
22
23
24
Next
Sorry, no product found.
Offer valid Wed 7 Jan - Tue 13 Jan 2026
» Terms and Conditions
powered by Salefinder.com.au

Back to top
Customer Service
Help & Support
Contact Us
Feedback
Product Safety
Product Recalls
Return Policy
Scam Warning
Shop Groceries Online
View My Account
Pick up
Delivery
Delivery Now
New to Online Shopping?
Shop for your Business
Useful Links
Store Locations & Trading Hours
Everyday Rewards
Recipes & Easy Dinner Ideas
Woolworths Catalogue
Our pricing
Meal Planner
Woolworths Fresh Magazine
Woolworths Apps
About Woolworths
Careers
Our Brands
Woolworths Group Privacy Centre
Community
Suppliers
Become an Affiliate
Corporate Responsibility
Our Partners
Connect on Social
Follow us on Instagram, Opens in a new window
Follow us on Facebook, Opens in a new window
Follow us on Pinterest, Opens in a new window
Follow us on Youtube, Opens in a new window
Follow us on Twitter, Opens in a new window
We acknowledge the Traditional Owners and Custodians of Country throughout Australia. We pay our respects to all First Nations peoples and acknowledge Elders past and present.
Read more about our commitment to reconciliation
Woolworths Group aims to create more inclusive access for team members and customers with disabilities.
Website accessibility
New South Wales | Liquor Act 2007: No alcohol can be sold or supplied to anyone under 18. It's against the law.

For all Woolworths Online liquor orders, Woolworths Group is acting as an agent on behalf of Endeavour Group Limited (ABN 77 159 767 843). Pricing (including any 'was' or 'strikethrough' price) displayed on the Woolworths website and app for these liquor products are provided by Endeavour Group and reflects pricing on their BWS website which is set by location. They do not, however, include particular specials, clearances and offers which are exclusive to BWS. For Everyday Market from Woolworths orders involving the sale of liquor, Woolworths Marketplace Pty Limited is acting as an agent on behalf of the relevant Everyday Market partner. Woolworths Online supports the Responsible Service of Alcohol. For liquor licence numbers visit the Liquor and Tobacco Licences page.

If you wish to voluntarily exclude yourself from being able to purchase alcohol from our site, you can find out more at our Alcohol Self Exclusion page.
© Woolworths Group Limited 1997-2025 - All Rights Reserved. Woolworths Group Privacy Policy Woolworths Group Cookies Statement Woolworths Collection Notice Terms & Conditions Accessibility
Feedback

================================================================================

=== PAGE 28 ===
URL: https://www.woolworths.com.au/shop/catalogue/view#view=list&saleId=62849&areaName=QLD&page=28
Scraped at: 2026-01-06T21:18:38.914290

Everyday & Other Services
Search products, recipes & ideas
Lists &
Buy again
Log in or Sign up
My Account
View cart button
$0.00
           
          
           worth
           in total
        
Browse products
Specials & catalogue
undefined
Recipes & ideas
undefined
Get more value
undefined
Ways to shop
undefined
Help
undefined
Shop for business
Stores
Delivery to:
Set your Delivery address
Choose
Select a time:
View available times
Choose Time of Delivery. View available times
Choose
Home  /  Catalogues  /  Weekly Catalogue QLD
Home
Pages
Product List
Categories
Bookmarks
  Previous
19
20
21
22
23
24
Next
Sorry, no product found.
Offer valid Wed 7 Jan - Tue 13 Jan 2026
» Terms and Conditions
powered by Salefinder.com.au

Back to top
Customer Service
Help & Support
Contact Us
Feedback
Product Safety
Product Recalls
Return Policy
Scam Warning
Shop Groceries Online
View My Account
Pick up
Delivery
Delivery Now
New to Online Shopping?
Shop for your Business
Useful Links
Store Locations & Trading Hours
Everyday Rewards
Recipes & Easy Dinner Ideas
Woolworths Catalogue
Our pricing
Meal Planner
Woolworths Fresh Magazine
Woolworths Apps
About Woolworths
Careers
Our Brands
Woolworths Group Privacy Centre
Community
Suppliers
Become an Affiliate
Corporate Responsibility
Our Partners
Connect on Social
Follow us on Instagram, Opens in a new window
Follow us on Facebook, Opens in a new window
Follow us on Pinterest, Opens in a new window
Follow us on Youtube, Opens in a new window
Follow us on Twitter, Opens in a new window
We acknowledge the Traditional Owners and Custodians of Country throughout Australia. We pay our respects to all First Nations peoples and acknowledge Elders past and present.
Read more about our commitment to reconciliation
Woolworths Group aims to create more inclusive access for team members and customers with disabilities.
Website accessibility
New South Wales | Liquor Act 2007: No alcohol can be sold or supplied to anyone under 18. It's against the law.

For all Woolworths Online liquor orders, Woolworths Group is acting as an agent on behalf of Endeavour Group Limited (ABN 77 159 767 843). Pricing (including any 'was' or 'strikethrough' price) displayed on the Woolworths website and app for these liquor products are provided by Endeavour Group and reflects pricing on their BWS website which is set by location. They do not, however, include particular specials, clearances and offers which are exclusive to BWS. For Everyday Market from Woolworths orders involving the sale of liquor, Woolworths Marketplace Pty Limited is acting as an agent on behalf of the relevant Everyday Market partner. Woolworths Online supports the Responsible Service of Alcohol. For liquor licence numbers visit the Liquor and Tobacco Licences page.

If you wish to voluntarily exclude yourself from being able to purchase alcohol from our site, you can find out more at our Alcohol Self Exclusion page.
© Woolworths Group Limited 1997-2025 - All Rights Reserved. Woolworths Group Privacy Policy Woolworths Group Cookies Statement Woolworths Collection Notice Terms & Conditions Accessibility
Feedback

================================================================================

=== PAGE 29 ===
URL: https://www.woolworths.com.au/shop/catalogue/view#view=list&saleId=62849&areaName=QLD&page=29
Scraped at: 2026-01-06T21:18:55.958159

Everyday & Other Services
Search stone fruit in stock
Lists &
Buy again
Log in or Sign up
My Account
View cart button
$0.00
           
          
           worth
           in total
        
Browse products
Specials & catalogue
undefined
Recipes & ideas
undefined
Get more value
undefined
Ways to shop
undefined
Help
undefined
Shop for business
Stores
Delivery to:
Set your Delivery address
Choose
Select a time:
View available times
Choose Time of Delivery. View available times
Choose
Home  /  Catalogues  /  Weekly Catalogue QLD
Home
Pages
Product List
Categories
Bookmarks
  Previous
19
20
21
22
23
24
Next
Sorry, no product found.
Offer valid Wed 7 Jan - Tue 13 Jan 2026
» Terms and Conditions
powered by Salefinder.com.au

Back to top
Customer Service
Help & Support
Contact Us
Feedback
Product Safety
Product Recalls
Return Policy
Scam Warning
Shop Groceries Online
View My Account
Pick up
Delivery
Delivery Now
New to Online Shopping?
Shop for your Business
Useful Links
Store Locations & Trading Hours
Everyday Rewards
Recipes & Easy Dinner Ideas
Woolworths Catalogue
Our pricing
Meal Planner
Woolworths Fresh Magazine
Woolworths Apps
About Woolworths
Careers
Our Brands
Woolworths Group Privacy Centre
Community
Suppliers
Become an Affiliate
Corporate Responsibility
Our Partners
Connect on Social
Follow us on Instagram, Opens in a new window
Follow us on Facebook, Opens in a new window
Follow us on Pinterest, Opens in a new window
Follow us on Youtube, Opens in a new window
Follow us on Twitter, Opens in a new window
We acknowledge the Traditional Owners and Custodians of Country throughout Australia. We pay our respects to all First Nations peoples and acknowledge Elders past and present.
Read more about our commitment to reconciliation
Woolworths Group aims to create more inclusive access for team members and customers with disabilities.
Website accessibility
New South Wales | Liquor Act 2007: No alcohol can be sold or supplied to anyone under 18. It's against the law.

For all Woolworths Online liquor orders, Woolworths Group is acting as an agent on behalf of Endeavour Group Limited (ABN 77 159 767 843). Pricing (including any 'was' or 'strikethrough' price) displayed on the Woolworths website and app for these liquor products are provided by Endeavour Group and reflects pricing on their BWS website which is set by location. They do not, however, include particular specials, clearances and offers which are exclusive to BWS. For Everyday Market from Woolworths orders involving the sale of liquor, Woolworths Marketplace Pty Limited is acting as an agent on behalf of the relevant Everyday Market partner. Woolworths Online supports the Responsible Service of Alcohol. For liquor licence numbers visit the Liquor and Tobacco Licences page.

If you wish to voluntarily exclude yourself from being able to purchase alcohol from our site, you can find out more at our Alcohol Self Exclusion page.
© Woolworths Group Limited 1997-2025 - All Rights Reserved. Woolworths Group Privacy Policy Woolworths Group Cookies Statement Woolworths Collection Notice Terms & Conditions Accessibility
Feedback

================================================================================

=== PAGE 30 ===
URL: https://www.woolworths.com.au/shop/catalogue/view#view=list&saleId=62849&areaName=QLD&page=30
Scraped at: 2026-01-06T21:19:12.992478

Everyday & Other Services
Search Everyday Market
Lists &
Buy again
Log in or Sign up
My Account
View cart button
$0.00
           
          
           worth
           in total
        
Browse products
Specials & catalogue
undefined
Recipes & ideas
undefined
Get more value
undefined
Ways to shop
undefined
Help
undefined
Shop for business
Stores
Delivery to:
Set your Delivery address
Choose
Select a time:
View available times
Choose Time of Delivery. View available times
Choose
Home  /  Catalogues  /  Weekly Catalogue QLD
Home
Pages
Product List
Categories
Bookmarks
  Previous
19
20
21
22
23
24
Next
Sorry, no product found.
Offer valid Wed 7 Jan - Tue 13 Jan 2026
» Terms and Conditions
powered by Salefinder.com.au

Back to top
Customer Service
Help & Support
Contact Us
Feedback
Product Safety
Product Recalls
Return Policy
Scam Warning
Shop Groceries Online
View My Account
Pick up
Delivery
Delivery Now
New to Online Shopping?
Shop for your Business
Useful Links
Store Locations & Trading Hours
Everyday Rewards
Recipes & Easy Dinner Ideas
Woolworths Catalogue
Our pricing
Meal Planner
Woolworths Fresh Magazine
Woolworths Apps
About Woolworths
Careers
Our Brands
Woolworths Group Privacy Centre
Community
Suppliers
Become an Affiliate
Corporate Responsibility
Our Partners
Connect on Social
Follow us on Instagram, Opens in a new window
Follow us on Facebook, Opens in a new window
Follow us on Pinterest, Opens in a new window
Follow us on Youtube, Opens in a new window
Follow us on Twitter, Opens in a new window
We acknowledge the Traditional Owners and Custodians of Country throughout Australia. We pay our respects to all First Nations peoples and acknowledge Elders past and present.
Read more about our commitment to reconciliation
Woolworths Group aims to create more inclusive access for team members and customers with disabilities.
Website accessibility
New South Wales | Liquor Act 2007: No alcohol can be sold or supplied to anyone under 18. It's against the law.

For all Woolworths Online liquor orders, Woolworths Group is acting as an agent on behalf of Endeavour Group Limited (ABN 77 159 767 843). Pricing (including any 'was' or 'strikethrough' price) displayed on the Woolworths website and app for these liquor products are provided by Endeavour Group and reflects pricing on their BWS website which is set by location. They do not, however, include particular specials, clearances and offers which are exclusive to BWS. For Everyday Market from Woolworths orders involving the sale of liquor, Woolworths Marketplace Pty Limited is acting as an agent on behalf of the relevant Everyday Market partner. Woolworths Online supports the Responsible Service of Alcohol. For liquor licence numbers visit the Liquor and Tobacco Licences page.

If you wish to voluntarily exclude yourself from being able to purchase alcohol from our site, you can find out more at our Alcohol Self Exclusion page.
© Woolworths Group Limited 1997-2025 - All Rights Reserved. Woolworths Group Privacy Policy Woolworths Group Cookies Statement Woolworths Collection Notice Terms & Conditions Accessibility
Feedback

================================================================================

=== PAGE 31 ===
URL: https://www.woolworths.com.au/shop/catalogue/view#view=list&saleId=62849&areaName=QLD&page=31
Scraped at: 2026-01-06T21:19:30.049493

Everyday & Other Services
Search sunscreen on special
Lists &
Buy again
Log in or Sign up
My Account
View cart button
$0.00
           
          
           worth
           in total
        
Browse products
Specials & catalogue
undefined
Recipes & ideas
undefined
Get more value
undefined
Ways to shop
undefined
Help
undefined
Shop for business
Stores
Delivery to:
Set your Delivery address
Choose
Select a time:
View available times
Choose Time of Delivery. View available times
Choose
Home  /  Catalogues  /  Weekly Catalogue QLD
Home
Pages
Product List
Categories
Bookmarks
  Previous
19
20
21
22
23
24
Next
Sorry, no product found.
Offer valid Wed 7 Jan - Tue 13 Jan 2026
» Terms and Conditions
powered by Salefinder.com.au

Back to top
Customer Service
Help & Support
Contact Us
Feedback
Product Safety
Product Recalls
Return Policy
Scam Warning
Shop Groceries Online
View My Account
Pick up
Delivery
Delivery Now
New to Online Shopping?
Shop for your Business
Useful Links
Store Locations & Trading Hours
Everyday Rewards
Recipes & Easy Dinner Ideas
Woolworths Catalogue
Our pricing
Meal Planner
Woolworths Fresh Magazine
Woolworths Apps
About Woolworths
Careers
Our Brands
Woolworths Group Privacy Centre
Community
Suppliers
Become an Affiliate
Corporate Responsibility
Our Partners
Connect on Social
Follow us on Instagram, Opens in a new window
Follow us on Facebook, Opens in a new window
Follow us on Pinterest, Opens in a new window
Follow us on Youtube, Opens in a new window
Follow us on Twitter, Opens in a new window
We acknowledge the Traditional Owners and Custodians of Country throughout Australia. We pay our respects to all First Nations peoples and acknowledge Elders past and present.
Read more about our commitment to reconciliation
Woolworths Group aims to create more inclusive access for team members and customers with disabilities.
Website accessibility
New South Wales | Liquor Act 2007: No alcohol can be sold or supplied to anyone under 18. It's against the law.

For all Woolworths Online liquor orders, Woolworths Group is acting as an agent on behalf of Endeavour Group Limited (ABN 77 159 767 843). Pricing (including any 'was' or 'strikethrough' price) displayed on the Woolworths website and app for these liquor products are provided by Endeavour Group and reflects pricing on their BWS website which is set by location. They do not, however, include particular specials, clearances and offers which are exclusive to BWS. For Everyday Market from Woolworths orders involving the sale of liquor, Woolworths Marketplace Pty Limited is acting as an agent on behalf of the relevant Everyday Market partner. Woolworths Online supports the Responsible Service of Alcohol. For liquor licence numbers visit the Liquor and Tobacco Licences page.

If you wish to voluntarily exclude yourself from being able to purchase alcohol from our site, you can find out more at our Alcohol Self Exclusion page.
© Woolworths Group Limited 1997-2025 - All Rights Reserved. Woolworths Group Privacy Policy Woolworths Group Cookies Statement Woolworths Collection Notice Terms & Conditions Accessibility
Feedback

================================================================================

=== PAGE 32 ===
URL: https://www.woolworths.com.au/shop/catalogue/view#view=list&saleId=62849&areaName=QLD&page=32
Scraped at: 2026-01-06T21:19:47.089378

Everyday & Other Services
Search eggs in stock
Lists &
Buy again
Log in or Sign up
My Account
View cart button
$0.00
           
          
           worth
           in total
        
Browse products
Specials & catalogue
undefined
Recipes & ideas
undefined
Get more value
undefined
Ways to shop
undefined
Help
undefined
Shop for business
Stores
Delivery to:
Set your Delivery address
Choose
Select a time:
View available times
Choose Time of Delivery. View available times
Choose
Home  /  Catalogues  /  Weekly Catalogue QLD
Home
Pages
Product List
Categories
Bookmarks
  Previous
19
20
21
22
23
24
Next
Sorry, no product found.
Offer valid Wed 7 Jan - Tue 13 Jan 2026
» Terms and Conditions
powered by Salefinder.com.au

Back to top
Customer Service
Help & Support
Contact Us
Feedback
Product Safety
Product Recalls
Return Policy
Scam Warning
Shop Groceries Online
View My Account
Pick up
Delivery
Delivery Now
New to Online Shopping?
Shop for your Business
Useful Links
Store Locations & Trading Hours
Everyday Rewards
Recipes & Easy Dinner Ideas
Woolworths Catalogue
Our pricing
Meal Planner
Woolworths Fresh Magazine
Woolworths Apps
About Woolworths
Careers
Our Brands
Woolworths Group Privacy Centre
Community
Suppliers
Become an Affiliate
Corporate Responsibility
Our Partners
Connect on Social
Follow us on Instagram, Opens in a new window
Follow us on Facebook, Opens in a new window
Follow us on Pinterest, Opens in a new window
Follow us on Youtube, Opens in a new window
Follow us on Twitter, Opens in a new window
We acknowledge the Traditional Owners and Custodians of Country throughout Australia. We pay our respects to all First Nations peoples and acknowledge Elders past and present.
Read more about our commitment to reconciliation
Woolworths Group aims to create more inclusive access for team members and customers with disabilities.
Website accessibility
New South Wales | Liquor Act 2007: No alcohol can be sold or supplied to anyone under 18. It's against the law.

For all Woolworths Online liquor orders, Woolworths Group is acting as an agent on behalf of Endeavour Group Limited (ABN 77 159 767 843). Pricing (including any 'was' or 'strikethrough' price) displayed on the Woolworths website and app for these liquor products are provided by Endeavour Group and reflects pricing on their BWS website which is set by location. They do not, however, include particular specials, clearances and offers which are exclusive to BWS. For Everyday Market from Woolworths orders involving the sale of liquor, Woolworths Marketplace Pty Limited is acting as an agent on behalf of the relevant Everyday Market partner. Woolworths Online supports the Responsible Service of Alcohol. For liquor licence numbers visit the Liquor and Tobacco Licences page.

If you wish to voluntarily exclude yourself from being able to purchase alcohol from our site, you can find out more at our Alcohol Self Exclusion page.
© Woolworths Group Limited 1997-2025 - All Rights Reserved. Woolworths Group Privacy Policy Woolworths Group Cookies Statement Woolworths Collection Notice Terms & Conditions Accessibility
Feedback

================================================================================

=== PAGE 33 ===
URL: https://www.woolworths.com.au/shop/catalogue/view#view=list&saleId=62849&areaName=QLD&page=33
Scraped at: 2026-01-06T21:20:04.127229

Everyday & Other Services
Search seafood in stock
Lists &
Buy again
Log in or Sign up
My Account
View cart button
$0.00
           
          
           worth
           in total
        
Browse products
Specials & catalogue
undefined
Recipes & ideas
undefined
Get more value
undefined
Ways to shop
undefined
Help
undefined
Shop for business
Stores
Delivery to:
Set your Delivery address
Choose
Select a time:
View available times
Choose Time of Delivery. View available times
Choose
Home  /  Catalogues  /  Weekly Catalogue QLD
Home
Pages
Product List
Categories
Bookmarks
  Previous
19
20
21
22
23
24
Next
Sorry, no product found.
Offer valid Wed 7 Jan - Tue 13 Jan 2026
» Terms and Conditions
powered by Salefinder.com.au

Back to top
Customer Service
Help & Support
Contact Us
Feedback
Product Safety
Product Recalls
Return Policy
Scam Warning
Shop Groceries Online
View My Account
Pick up
Delivery
Delivery Now
New to Online Shopping?
Shop for your Business
Useful Links
Store Locations & Trading Hours
Everyday Rewards
Recipes & Easy Dinner Ideas
Woolworths Catalogue
Our pricing
Meal Planner
Woolworths Fresh Magazine
Woolworths Apps
About Woolworths
Careers
Our Brands
Woolworths Group Privacy Centre
Community
Suppliers
Become an Affiliate
Corporate Responsibility
Our Partners
Connect on Social
Follow us on Instagram, Opens in a new window
Follow us on Facebook, Opens in a new window
Follow us on Pinterest, Opens in a new window
Follow us on Youtube, Opens in a new window
Follow us on Twitter, Opens in a new window
We acknowledge the Traditional Owners and Custodians of Country throughout Australia. We pay our respects to all First Nations peoples and acknowledge Elders past and present.
Read more about our commitment to reconciliation
Woolworths Group aims to create more inclusive access for team members and customers with disabilities.
Website accessibility
New South Wales | Liquor Act 2007: No alcohol can be sold or supplied to anyone under 18. It's against the law.

For all Woolworths Online liquor orders, Woolworths Group is acting as an agent on behalf of Endeavour Group Limited (ABN 77 159 767 843). Pricing (including any 'was' or 'strikethrough' price) displayed on the Woolworths website and app for these liquor products are provided by Endeavour Group and reflects pricing on their BWS website which is set by location. They do not, however, include particular specials, clearances and offers which are exclusive to BWS. For Everyday Market from Woolworths orders involving the sale of liquor, Woolworths Marketplace Pty Limited is acting as an agent on behalf of the relevant Everyday Market partner. Woolworths Online supports the Responsible Service of Alcohol. For liquor licence numbers visit the Liquor and Tobacco Licences page.

If you wish to voluntarily exclude yourself from being able to purchase alcohol from our site, you can find out more at our Alcohol Self Exclusion page.
© Woolworths Group Limited 1997-2025 - All Rights Reserved. Woolworths Group Privacy Policy Woolworths Group Cookies Statement Woolworths Collection Notice Terms & Conditions Accessibility
Feedback

================================================================================

=== PAGE 34 ===
URL: https://www.woolworths.com.au/shop/catalogue/view#view=list&saleId=62849&areaName=QLD&page=34
Scraped at: 2026-01-06T21:20:21.169196

Everyday & Other Services
Search milk on special
Lists &
Buy again
Log in or Sign up
My Account
View cart button
$0.00
           
          
           worth
           in total
        
Browse products
Specials & catalogue
undefined
Recipes & ideas
undefined
Get more value
undefined
Ways to shop
undefined
Help
undefined
Shop for business
Stores
Delivery to:
Set your Delivery address
Choose
Select a time:
View available times
Choose Time of Delivery. View available times
Choose
Home  /  Catalogues  /  Weekly Catalogue QLD
Home
Pages
Product List
Categories
Bookmarks
  Previous
19
20
21
22
23
24
Next
Sorry, no product found.
Offer valid Wed 7 Jan - Tue 13 Jan 2026
» Terms and Conditions
powered by Salefinder.com.au

Back to top
Customer Service
Help & Support
Contact Us
Feedback
Product Safety
Product Recalls
Return Policy
Scam Warning
Shop Groceries Online
View My Account
Pick up
Delivery
Delivery Now
New to Online Shopping?
Shop for your Business
Useful Links
Store Locations & Trading Hours
Everyday Rewards
Recipes & Easy Dinner Ideas
Woolworths Catalogue
Our pricing
Meal Planner
Woolworths Fresh Magazine
Woolworths Apps
About Woolworths
Careers
Our Brands
Woolworths Group Privacy Centre
Community
Suppliers
Become an Affiliate
Corporate Responsibility
Our Partners
Connect on Social
Follow us on Instagram, Opens in a new window
Follow us on Facebook, Opens in a new window
Follow us on Pinterest, Opens in a new window
Follow us on Youtube, Opens in a new window
Follow us on Twitter, Opens in a new window
We acknowledge the Traditional Owners and Custodians of Country throughout Australia. We pay our respects to all First Nations peoples and acknowledge Elders past and present.
Read more about our commitment to reconciliation
Woolworths Group aims to create more inclusive access for team members and customers with disabilities.
Website accessibility
New South Wales | Liquor Act 2007: No alcohol can be sold or supplied to anyone under 18. It's against the law.

For all Woolworths Online liquor orders, Woolworths Group is acting as an agent on behalf of Endeavour Group Limited (ABN 77 159 767 843). Pricing (including any 'was' or 'strikethrough' price) displayed on the Woolworths website and app for these liquor products are provided by Endeavour Group and reflects pricing on their BWS website which is set by location. They do not, however, include particular specials, clearances and offers which are exclusive to BWS. For Everyday Market from Woolworths orders involving the sale of liquor, Woolworths Marketplace Pty Limited is acting as an agent on behalf of the relevant Everyday Market partner. Woolworths Online supports the Responsible Service of Alcohol. For liquor licence numbers visit the Liquor and Tobacco Licences page.

If you wish to voluntarily exclude yourself from being able to purchase alcohol from our site, you can find out more at our Alcohol Self Exclusion page.
© Woolworths Group Limited 1997-2025 - All Rights Reserved. Woolworths Group Privacy Policy Woolworths Group Cookies Statement Woolworths Collection Notice Terms & Conditions Accessibility
Feedback

================================================================================

=== PAGE 35 ===
URL: https://www.woolworths.com.au/shop/catalogue/view#view=list&saleId=62849&areaName=QLD&page=35
Scraped at: 2026-01-06T21:20:38.210270

Everyday & Other Services
Search products, recipes & ideas
Search Everyday Market
Lists &
Buy again
Log in or Sign up
My Account
View cart button
$0.00
           
          
           worth
           in total
        
Browse products
Specials & catalogue
undefined
Recipes & ideas
undefined
Get more value
undefined
Ways to shop
undefined
Help
undefined
Shop for business
Stores
Delivery to:
Set your Delivery address
Choose
Select a time:
View available times
Choose Time of Delivery. View available times
Choose
Home  /  Catalogues  /  Weekly Catalogue QLD
Home
Pages
Product List
Categories
Bookmarks
  Previous
19
20
21
22
23
24
Next
Sorry, no product found.
Offer valid Wed 7 Jan - Tue 13 Jan 2026
» Terms and Conditions
powered by Salefinder.com.au

Back to top
Customer Service
Help & Support
Contact Us
Feedback
Product Safety
Product Recalls
Return Policy
Scam Warning
Shop Groceries Online
View My Account
Pick up
Delivery
Delivery Now
New to Online Shopping?
Shop for your Business
Useful Links
Store Locations & Trading Hours
Everyday Rewards
Recipes & Easy Dinner Ideas
Woolworths Catalogue
Our pricing
Meal Planner
Woolworths Fresh Magazine
Woolworths Apps
About Woolworths
Careers
Our Brands
Woolworths Group Privacy Centre
Community
Suppliers
Become an Affiliate
Corporate Responsibility
Our Partners
Connect on Social
Follow us on Instagram, Opens in a new window
Follow us on Facebook, Opens in a new window
Follow us on Pinterest, Opens in a new window
Follow us on Youtube, Opens in a new window
Follow us on Twitter, Opens in a new window
We acknowledge the Traditional Owners and Custodians of Country throughout Australia. We pay our respects to all First Nations peoples and acknowledge Elders past and present.
Read more about our commitment to reconciliation
Woolworths Group aims to create more inclusive access for team members and customers with disabilities.
Website accessibility
New South Wales | Liquor Act 2007: No alcohol can be sold or supplied to anyone under 18. It's against the law.

For all Woolworths Online liquor orders, Woolworths Group is acting as an agent on behalf of Endeavour Group Limited (ABN 77 159 767 843). Pricing (including any 'was' or 'strikethrough' price) displayed on the Woolworths website and app for these liquor products are provided by Endeavour Group and reflects pricing on their BWS website which is set by location. They do not, however, include particular specials, clearances and offers which are exclusive to BWS. For Everyday Market from Woolworths orders involving the sale of liquor, Woolworths Marketplace Pty Limited is acting as an agent on behalf of the relevant Everyday Market partner. Woolworths Online supports the Responsible Service of Alcohol. For liquor licence numbers visit the Liquor and Tobacco Licences page.

If you wish to voluntarily exclude yourself from being able to purchase alcohol from our site, you can find out more at our Alcohol Self Exclusion page.
© Woolworths Group Limited 1997-2025 - All Rights Reserved. Woolworths Group Privacy Policy Woolworths Group Cookies Statement Woolworths Collection Notice Terms & Conditions Accessibility
Feedback

================================================================================

=== PAGE 36 ===
URL: https://www.woolworths.com.au/shop/catalogue/view#view=list&saleId=62849&areaName=QLD&page=36
Scraped at: 2026-01-06T21:20:55.259408

Everyday & Other Services
Search stone fruit in stock
Search sunscreen on special
Lists &
Buy again
Log in or Sign up
My Account
View cart button
$0.00
           
          
           worth
           in total
        
Browse products
Specials & catalogue
undefined
Recipes & ideas
undefined
Get more value
undefined
Ways to shop
undefined
Help
undefined
Shop for business
Stores
Delivery to:
Set your Delivery address
Choose
Select a time:
View available times
Choose Time of Delivery. View available times
Choose
Home  /  Catalogues  /  Weekly Catalogue QLD
Home
Pages
Product List
Categories
Bookmarks
  Previous
19
20
21
22
23
24
Next
Sorry, no product found.
Offer valid Wed 7 Jan - Tue 13 Jan 2026
» Terms and Conditions
powered by Salefinder.com.au

Back to top
Customer Service
Help & Support
Contact Us
Feedback
Product Safety
Product Recalls
Return Policy
Scam Warning
Shop Groceries Online
View My Account
Pick up
Delivery
Delivery Now
New to Online Shopping?
Shop for your Business
Useful Links
Store Locations & Trading Hours
Everyday Rewards
Recipes & Easy Dinner Ideas
Woolworths Catalogue
Our pricing
Meal Planner
Woolworths Fresh Magazine
Woolworths Apps
About Woolworths
Careers
Our Brands
Woolworths Group Privacy Centre
Community
Suppliers
Become an Affiliate
Corporate Responsibility
Our Partners
Connect on Social
Follow us on Instagram, Opens in a new window
Follow us on Facebook, Opens in a new window
Follow us on Pinterest, Opens in a new window
Follow us on Youtube, Opens in a new window
Follow us on Twitter, Opens in a new window
We acknowledge the Traditional Owners and Custodians of Country throughout Australia. We pay our respects to all First Nations peoples and acknowledge Elders past and present.
Read more about our commitment to reconciliation
Woolworths Group aims to create more inclusive access for team members and customers with disabilities.
Website accessibility
New South Wales | Liquor Act 2007: No alcohol can be sold or supplied to anyone under 18. It's against the law.

For all Woolworths Online liquor orders, Woolworths Group is acting as an agent on behalf of Endeavour Group Limited (ABN 77 159 767 843). Pricing (including any 'was' or 'strikethrough' price) displayed on the Woolworths website and app for these liquor products are provided by Endeavour Group and reflects pricing on their BWS website which is set by location. They do not, however, include particular specials, clearances and offers which are exclusive to BWS. For Everyday Market from Woolworths orders involving the sale of liquor, Woolworths Marketplace Pty Limited is acting as an agent on behalf of the relevant Everyday Market partner. Woolworths Online supports the Responsible Service of Alcohol. For liquor licence numbers visit the Liquor and Tobacco Licences page.

If you wish to voluntarily exclude yourself from being able to purchase alcohol from our site, you can find out more at our Alcohol Self Exclusion page.
© Woolworths Group Limited 1997-2025 - All Rights Reserved. Woolworths Group Privacy Policy Woolworths Group Cookies Statement Woolworths Collection Notice Terms & Conditions Accessibility
Feedback

================================================================================

