=== PAGE 1 ===
URL: https://www.woolworths.com.au/shop/catalogue/view#view=list&saleId=61091&areaName=QLD
Scraped at: 2025-09-02T20:42:55.485608

Everyday & Other Services
Lists &
Buy again
Log in or Sign up
My Account
View cart button
$0.00
           
          
           worth
           in total
        
Browse products
Specials & catalogue
undefined
Recipes & ideas
undefined
Get more value
undefined
Ways to shop
undefined
Help
undefined
Shop for business
Stores
Delivery to:
Set your Delivery address
Choose
Select a time:
View available times
Choose Time of Delivery. View available times
Choose
Home  /  Catalogues  /  Weekly Catalogue QLD
Home
Pages
Product List
Categories
Bookmarks
  Australian Beef T-Bone Steak Bulk Pack
$28.00 kg
Special pricing for this catalogue is only available from Wednesday 3rd September.
Offer valid Wed 3 Sep - Tue 9 Sep 2025
Doritos Corn Chips Share Pack 150-170g
$2.50 each
1/2 Price, Save $2.50
Special pricing for this catalogue is only available from Wednesday 3rd September.
Offer valid Wed 3 Sep - Tue 9 Sep 2025
Arnott’s Tim Tam Chocolate Biscuits 165-200g – Excludes Arnott’s Tim Tam Deluxe 175g
$3.00 each
1/2 Price, Save $3.00
Special pricing for this catalogue is only available from Wednesday 3rd September.
Offer valid Wed 3 Sep - Tue 9 Sep 2025
Coca-Cola, Sprite or Fanta Soft Drink Varieties 10 x 375ml
$10.00 each
1/2 Price, Save $10.00
$2.67 per litre
Special pricing for this catalogue is only available from Wednesday 3rd September.
Offer valid Wed 3 Sep - Tue 9 Sep 2025
Toblerone 340-360g
$8.00 each
Better than 1/2 Price, Save $12.00
Special pricing for this catalogue is only available from Wednesday 3rd September.
Offer valid Wed 3 Sep - Tue 9 Sep 2025
Australian Truss Tomatoes
$4.90 kg*
Special pricing for this catalogue is only available from Wednesday 3rd September.
Offer valid Wed 3 Sep - Tue 9 Sep 2025
Lindt Blocks 80-100g
$4.25 each
1/2 Price, Save $4.25
Special pricing for this catalogue is only available from Wednesday 3rd September.
Offer valid Wed 3 Sep - Tue 9 Sep 2025
Mars Medium Bars 44-50g
$1.00 each
Better than 1/2 Price, Save $1.50
Special pricing for this catalogue is only available from Wednesday 3rd September.
Offer valid Wed 3 Sep - Tue 9 Sep 2025
Poppin Microwave Popcorn 85-100g
$1.00 each
1/2 Price, Save $1.00
Special pricing for this catalogue is only available from Wednesday 3rd September.
Offer valid Wed 3 Sep - Tue 9 Sep 2025
Raw C Natural Coconut Water 1 Litre
$2.75 each
1/2 Price, Save $2.75
$2.75 per litre
Special pricing for this catalogue is only available from Wednesday 3rd September.
Offer valid Wed 3 Sep - Tue 9 Sep 2025
Arnott’s Wagon Wheels Original Mini Chocolate Biscuits 190g
$2.75 each
1/2 Price, Save $2.75
$1.45 per 100g
Special pricing for this catalogue is only available from Wednesday 3rd September.
Offer valid Wed 3 Sep - Tue 9 Sep 2025
Arnott’s Tee Vee Snacks 175g
$2.75 each
1/2 Price, Save $2.75
$1.57 per 100g
Special pricing for this catalogue is only available from Wednesday 3rd September.
Offer valid Wed 3 Sep - Tue 9 Sep 2025
Previous
1
2
3
4
5
Next
Offer valid Wed 3 Sep - Tue 9 Sep 2025
» Terms and Conditions
powered by Salefinder.com.au

Back to top
Customer Service
Help & Support
Contact Us
Feedback
Product Safety
Product Recalls
Return Policy
Scam Warning
Shop Groceries Online
View My Account
Pick up
Delivery
Delivery Now
New to Online Shopping?
Shop for your Business
Useful Links
Store Locations & Trading Hours
Everyday Rewards
Recipes & Easy Dinner Ideas
Woolworths Catalogue
Our pricing
Meal Planner
Woolworths Fresh Magazine
Woolworths Apps
About Woolworths
Careers
Why Pick Woolies?
Our Brands
Woolworths Group Privacy Centre
Community
Suppliers
Become an Affiliate
Corporate Responsibility
Our Partners
Connect on Social
Follow us on Instagram, Opens in a new window
Follow us on Facebook, Opens in a new window
Follow us on Pinterest, Opens in a new window
Follow us on Youtube, Opens in a new window
Follow us on Twitter, Opens in a new window
We acknowledge the Traditional Owners and Custodians of Country throughout Australia. We pay our respects to all First Nations peoples and acknowledge Elders past and present.
Read more about our commitment to reconciliation
Woolworths Group aims to create more inclusive access for team members and customers with disabilities.
Website accessibility
New South Wales | Liquor Act 2007: No alcohol can be sold or supplied to anyone under 18. It's against the law.

For all Woolworths Online liquor orders, Woolworths Group is acting as an agent on behalf of Endeavour Group Limited (ABN 77 159 767 843). Pricing (including any 'was' or 'strikethrough' price) displayed on the Woolworths website and app for these liquor products are provided by Endeavour Group and reflects pricing on their BWS website which is set by location. They do not, however, include particular specials, clearances and offers which are exclusive to BWS. For Everyday Market from Woolworths orders involving the sale of liquor, Woolworths Marketplace Pty Limited is acting as an agent on behalf of the relevant Everyday Market partner. Woolworths Online supports the Responsible Service of Alcohol. For liquor licence numbers visit the Liquor and Tobacco Licences page.

If you wish to voluntarily exclude yourself from being able to purchase alcohol from our site, you can find out more at our Alcohol Self Exclusion page.
© Woolworths Group Limited 1997-2025 - All Rights Reserved. Woolworths Group Privacy Policy Woolworths Group Cookies Statement Woolworths Collection Notice Terms & Conditions Accessibility
Feedback

================================================================================

=== PAGE 2 ===
URL: https://www.woolworths.com.au/shop/catalogue/view#view=list&saleId=61091&areaName=QLD&page=2
Scraped at: 2025-09-02T20:43:12.550371

Everyday & Other Services
Lists &
Buy again
Log in or Sign up
My Account
View cart button
$0.00
           
          
           worth
           in total
        
Browse products
Specials & catalogue
undefined
Recipes & ideas
undefined
Get more value
undefined
Ways to shop
undefined
Help
undefined
Shop for business
Stores
Delivery to:
Set your Delivery address
Choose
Select a time:
View available times
Choose Time of Delivery. View available times
Choose
Home  /  Catalogues  /  Weekly Catalogue QLD
Home
Pages
Product List
Categories
Bookmarks
  Bubly Sparkling Water 10 x 375ml
$9.25 each
1/2 Price, Save $9.25
$2.47 per litre
Special pricing for this catalogue is only available from Wednesday 3rd September.
Offer valid Wed 3 Sep - Tue 9 Sep 2025
Jack Link’s Beef Jerky 50g
$3.15 each
1/2 Price, Save $3.15
$63 per kg
Special pricing for this catalogue is only available from Wednesday 3rd September.
Offer valid Wed 3 Sep - Tue 9 Sep 2025
In A Biskit Crackers 145-160g
$2.00 each
1/2 Price, Save $2.00
Special pricing for this catalogue is only available from Wednesday 3rd September.
Offer valid Wed 3 Sep - Tue 9 Sep 2025
Thins Chips 150-175g
$2.50 each
1/2 Price, Save $2.50
Special pricing for this catalogue is only available from Wednesday 3rd September.
Offer valid Wed 3 Sep - Tue 9 Sep 2025
Pascall Marshmallows Pink & White 280g
$2.50 each
1/2 Price, Save $2.50
89¢ per 100g
Special pricing for this catalogue is only available from Wednesday 3rd September.
Offer valid Wed 3 Sep - Tue 9 Sep 2025
Darrell Lea Liquorice Twists, All Sorts or Batch 37 200-280g
$2.75 each
1/2 Price, Save $2.75
Special pricing for this catalogue is only available from Wednesday 3rd September.
Offer valid Wed 3 Sep - Tue 9 Sep 2025
Cadbury Chocolate Bites 120-150g
$3.50 each
1/2 Price, Save $3.50
Special pricing for this catalogue is only available from Wednesday 3rd September.
Offer valid Wed 3 Sep - Tue 9 Sep 2025
Pascall Choc Bites 120-185g
$3.50 each
1/2 Price, Save $3.50
Special pricing for this catalogue is only available from Wednesday 3rd September.
Offer valid Wed 3 Sep - Tue 9 Sep 2025
V8 Breakfast Juice 1.25 Litre
$3.30 each
40% off, Save $2.20
$2.64 per litre
Special pricing for this catalogue is only available from Wednesday 3rd September.
Offer valid Wed 3 Sep - Tue 9 Sep 2025
Red Bull Energy Drink 4 x 250ml
$7.50 each
40% off, Save $5.00
$7.50 per litre
Special pricing for this catalogue is only available from Wednesday 3rd September.
Offer valid Wed 3 Sep - Tue 9 Sep 2025
Continental Cup a Soup 50-75g Pk 2
$1.40 each
1/2 Price, Save $1.40
Special pricing for this catalogue is only available from Wednesday 3rd September.
Offer valid Wed 3 Sep - Tue 9 Sep 2025
UP&GO Liquid Breakfast 3 x 250ml
$3.40 each
1/2 Price, Save $3.40
$4.53 per litre
Special pricing for this catalogue is only available from Wednesday 3rd September.
Offer valid Wed 3 Sep - Tue 9 Sep 2025
Previous
1
2
3
4
5
Next
Offer valid Wed 3 Sep - Tue 9 Sep 2025
» Terms and Conditions
powered by Salefinder.com.au

Back to top
Customer Service
Help & Support
Contact Us
Feedback
Product Safety
Product Recalls
Return Policy
Scam Warning
Shop Groceries Online
View My Account
Pick up
Delivery
Delivery Now
New to Online Shopping?
Shop for your Business
Useful Links
Store Locations & Trading Hours
Everyday Rewards
Recipes & Easy Dinner Ideas
Woolworths Catalogue
Our pricing
Meal Planner
Woolworths Fresh Magazine
Woolworths Apps
About Woolworths
Careers
Why Pick Woolies?
Our Brands
Woolworths Group Privacy Centre
Community
Suppliers
Become an Affiliate
Corporate Responsibility
Our Partners
Connect on Social
Follow us on Instagram, Opens in a new window
Follow us on Facebook, Opens in a new window
Follow us on Pinterest, Opens in a new window
Follow us on Youtube, Opens in a new window
Follow us on Twitter, Opens in a new window
We acknowledge the Traditional Owners and Custodians of Country throughout Australia. We pay our respects to all First Nations peoples and acknowledge Elders past and present.
Read more about our commitment to reconciliation
Woolworths Group aims to create more inclusive access for team members and customers with disabilities.
Website accessibility
New South Wales | Liquor Act 2007: No alcohol can be sold or supplied to anyone under 18. It's against the law.

For all Woolworths Online liquor orders, Woolworths Group is acting as an agent on behalf of Endeavour Group Limited (ABN 77 159 767 843). Pricing (including any 'was' or 'strikethrough' price) displayed on the Woolworths website and app for these liquor products are provided by Endeavour Group and reflects pricing on their BWS website which is set by location. They do not, however, include particular specials, clearances and offers which are exclusive to BWS. For Everyday Market from Woolworths orders involving the sale of liquor, Woolworths Marketplace Pty Limited is acting as an agent on behalf of the relevant Everyday Market partner. Woolworths Online supports the Responsible Service of Alcohol. For liquor licence numbers visit the Liquor and Tobacco Licences page.

If you wish to voluntarily exclude yourself from being able to purchase alcohol from our site, you can find out more at our Alcohol Self Exclusion page.
© Woolworths Group Limited 1997-2025 - All Rights Reserved. Woolworths Group Privacy Policy Woolworths Group Cookies Statement Woolworths Collection Notice Terms & Conditions Accessibility
Feedback

================================================================================

=== PAGE 3 ===
URL: https://www.woolworths.com.au/shop/catalogue/view#view=list&saleId=61091&areaName=QLD&page=3
Scraped at: 2025-09-02T20:43:29.610052

Everyday & Other Services
Lists &
Buy again
Log in or Sign up
My Account
View cart button
$0.00
           
          
           worth
           in total
        
Browse products
Specials & catalogue
undefined
Recipes & ideas
undefined
Get more value
undefined
Ways to shop
undefined
Help
undefined
Shop for business
Stores
Delivery to:
Set your Delivery address
Choose
Select a time:
View available times
Choose Time of Delivery. View available times
Choose
Home  /  Catalogues  /  Weekly Catalogue QLD
Home
Pages
Product List
Categories
Bookmarks
  Mission Street Tacos 375g Pk 10
$2.20 each
1/2 Price, Save $2.20
59¢ per 100g
Special pricing for this catalogue is only available from Wednesday 3rd September.
Offer valid Wed 3 Sep - Tue 9 Sep 2025
John West Salmon 95g
$1.65 each
1/2 Price, Save $1.65
$17.37 per kg
Special pricing for this catalogue is only available from Wednesday 3rd September.
Offer valid Wed 3 Sep - Tue 9 Sep 2025
Continental Stock Pots 112g
$2.25 each
1/2 Price, Save $2.25
20¢ per 10g
Special pricing for this catalogue is only available from Wednesday 3rd September.
Offer valid Wed 3 Sep - Tue 9 Sep 2025
Vege Deli Chips 100g – From the Health Food Aisle
$3.25 each
1/2 Price, Save $3.25
$3.25 per 100g
Special pricing for this catalogue is only available from Wednesday 3rd September.
Offer valid Wed 3 Sep - Tue 9 Sep 2025
Mayver’s Health Bars 150g Pk 5
$3.45 each
1/2 Price, Save $3.45
$2.30 per 100g
Special pricing for this catalogue is only available from Wednesday 3rd September.
Offer valid Wed 3 Sep - Tue 9 Sep 2025
SunRice Hinata Short Grain Rice 5 kg
$15.00 each
1/2 Price, Save $15.00
30¢ per 100g
Special pricing for this catalogue is only available from Wednesday 3rd September.
Offer valid Wed 3 Sep - Tue 9 Sep 2025
Riviana Basmati Pakistan Long Grain Rice 5 kg
$15.00 each
1/2 Price, Save $15.00
30¢ per 100g
Special pricing for this catalogue is only available from Wednesday 3rd September.
Offer valid Wed 3 Sep - Tue 9 Sep 2025
Farmers Harvest Vegetable or Canola Oil 4 Litre
$15.00 each
1/2 Price, Save $15.00
38¢ per 100ml
Special pricing for this catalogue is only available from Wednesday 3rd September.
Offer valid Wed 3 Sep - Tue 9 Sep 2025
Mission Pizza Base Round 200g Pk 2
$2.30 pk
1/2 Price, Save $2.30
$1.15 per 100g
Special pricing for this catalogue is only available from Wednesday 3rd September.
Offer valid Wed 3 Sep - Tue 9 Sep 2025
Gatorade Sports Drink or G-Active Flavoured Water 600ml
$2.10 each
1/2 Price, Save $2.10
$3.50 per litre
Special pricing for this catalogue is only available from Wednesday 3rd September.
Offer valid Wed 3 Sep - Tue 9 Sep 2025
Palmolive Ultra Dishwashing Liquid 950ml
$4.25 each
1/2 Price, Save $4.25
45¢ per 100ml
Special pricing for this catalogue is only available from Wednesday 3rd September.
Offer valid Wed 3 Sep - Tue 9 Sep 2025
Macro Australian Grass Fed Beef Scotch Fillet 270g
$11.00 each
Save $4.00
$40.74 per kg
Special pricing for this catalogue is only available from Wednesday 3rd September.
Offer valid Wed 3 Sep - Tue 9 Sep 2025
Previous
1
2
3
4
5
Next
Offer valid Wed 3 Sep - Tue 9 Sep 2025
» Terms and Conditions
powered by Salefinder.com.au

Back to top
Customer Service
Help & Support
Contact Us
Feedback
Product Safety
Product Recalls
Return Policy
Scam Warning
Shop Groceries Online
View My Account
Pick up
Delivery
Delivery Now
New to Online Shopping?
Shop for your Business
Useful Links
Store Locations & Trading Hours
Everyday Rewards
Recipes & Easy Dinner Ideas
Woolworths Catalogue
Our pricing
Meal Planner
Woolworths Fresh Magazine
Woolworths Apps
About Woolworths
Careers
Why Pick Woolies?
Our Brands
Woolworths Group Privacy Centre
Community
Suppliers
Become an Affiliate
Corporate Responsibility
Our Partners
Connect on Social
Follow us on Instagram, Opens in a new window
Follow us on Facebook, Opens in a new window
Follow us on Pinterest, Opens in a new window
Follow us on Youtube, Opens in a new window
Follow us on Twitter, Opens in a new window
We acknowledge the Traditional Owners and Custodians of Country throughout Australia. We pay our respects to all First Nations peoples and acknowledge Elders past and present.
Read more about our commitment to reconciliation
Woolworths Group aims to create more inclusive access for team members and customers with disabilities.
Website accessibility
New South Wales | Liquor Act 2007: No alcohol can be sold or supplied to anyone under 18. It's against the law.

For all Woolworths Online liquor orders, Woolworths Group is acting as an agent on behalf of Endeavour Group Limited (ABN 77 159 767 843). Pricing (including any 'was' or 'strikethrough' price) displayed on the Woolworths website and app for these liquor products are provided by Endeavour Group and reflects pricing on their BWS website which is set by location. They do not, however, include particular specials, clearances and offers which are exclusive to BWS. For Everyday Market from Woolworths orders involving the sale of liquor, Woolworths Marketplace Pty Limited is acting as an agent on behalf of the relevant Everyday Market partner. Woolworths Online supports the Responsible Service of Alcohol. For liquor licence numbers visit the Liquor and Tobacco Licences page.

If you wish to voluntarily exclude yourself from being able to purchase alcohol from our site, you can find out more at our Alcohol Self Exclusion page.
© Woolworths Group Limited 1997-2025 - All Rights Reserved. Woolworths Group Privacy Policy Woolworths Group Cookies Statement Woolworths Collection Notice Terms & Conditions Accessibility
Feedback

================================================================================

=== PAGE 4 ===
URL: https://www.woolworths.com.au/shop/catalogue/view#view=list&saleId=61091&areaName=QLD&page=4
Scraped at: 2025-09-02T20:43:46.676575

Everyday & Other Services
Lists &
Buy again
Log in or Sign up
My Account
View cart button
$0.00
           
          
           worth
           in total
        
Browse products
Specials & catalogue
undefined
Recipes & ideas
undefined
Get more value
undefined
Ways to shop
undefined
Help
undefined
Shop for business
Stores
Delivery to:
Set your Delivery address
Choose
Select a time:
View available times
Choose Time of Delivery. View available times
Choose
Home  /  Catalogues  /  Weekly Catalogue QLD
Home
Pages
Product List
Categories
Bookmarks
  Australian Pork Scotch Fillet Steak 600g
$10.00 each
Save $2.00
$16.67 per kg
Special pricing for this catalogue is only available from Wednesday 3rd September.
Offer valid Wed 3 Sep - Tue 9 Sep 2025
Woolworths Premium Butcher Style Sausage Varieties 450-500g
Any 2 for $15.00
Save $3.00
Special pricing for this catalogue is only available from Wednesday 3rd September.
Offer valid Wed 3 Sep - Tue 9 Sep 2025
Coca-Cola Classic, Zero Sugar or Diet, Fanta or Sprite Soft Drink Varieties 1.25 Litre
$2.40 each
40% off, Save $1.60
$1.92 per litre
Special pricing for this catalogue is only available from Wednesday 3rd September.
Offer valid Wed 3 Sep - Tue 9 Sep 2025
Heinz Ketchup Tomato Sauce 220ml
$2.20 each
Was $2.50
$1 per 100ml
Special pricing for this catalogue is only available from Wednesday 3rd September.
Offer valid Wed 3 Sep - Tue 9 Sep 2025
Woolworths Caesar Salad Kit 290g Pack
$5.00 pk
Save $0.50
$17.24 per kg
Special pricing for this catalogue is only available from Wednesday 3rd September.
Offer valid Wed 3 Sep - Tue 9 Sep 2025
Olina’s Bakehouse Artisan Crackers 90-100g
$2.50 each
1/2 Price, Save $2.50
Special pricing for this catalogue is only available from Wednesday 3rd September.
Offer valid Wed 3 Sep - Tue 9 Sep 2025
MonDeli Sliced Varieties 80-100g – From the Deli
Any 2 for $12.00
Save $3.00
Special pricing for this catalogue is only available from Wednesday 3rd September.
Offer valid Wed 3 Sep - Tue 9 Sep 2025
KR Castlemaine Kabana 300g – From the Fridge
$5.20 each
Save $0.50
$17.33 per kg
Special pricing for this catalogue is only available from Wednesday 3rd September.
Offer valid Wed 3 Sep - Tue 9 Sep 2025
Don Salami Varieties 200g – From the Deli
$7.00 each
Save $1.50
$35 per kg
Special pricing for this catalogue is only available from Wednesday 3rd September.
Offer valid Wed 3 Sep - Tue 9 Sep 2025
Hans Mild Twiggy Sticks 500g – From the Deli
$11.00 each
Save $5.00
$22 per kg
Special pricing for this catalogue is only available from Wednesday 3rd September.
Offer valid Wed 3 Sep - Tue 9 Sep 2025
Tasmanian Heritage Cheddar Cheese Varieties 140g – From the Deli
$6.50 each
Range was $8.15
$46.43 per kg
Special pricing for this catalogue is only available from Wednesday 3rd September.
Offer valid Wed 3 Sep - Tue 9 Sep 2025
Yumi’s Traditional Middle Eastern Hommus 500g – From the Fridge
$5.80 each
Was $6.50
$1.16 per 100g
Special pricing for this catalogue is only available from Wednesday 3rd September.
Offer valid Wed 3 Sep - Tue 9 Sep 2025
Previous
2
3
4
5
6
Next
Offer valid Wed 3 Sep - Tue 9 Sep 2025
» Terms and Conditions
powered by Salefinder.com.au

Back to top
Customer Service
Help & Support
Contact Us
Feedback
Product Safety
Product Recalls
Return Policy
Scam Warning
Shop Groceries Online
View My Account
Pick up
Delivery
Delivery Now
New to Online Shopping?
Shop for your Business
Useful Links
Store Locations & Trading Hours
Everyday Rewards
Recipes & Easy Dinner Ideas
Woolworths Catalogue
Our pricing
Meal Planner
Woolworths Fresh Magazine
Woolworths Apps
About Woolworths
Careers
Why Pick Woolies?
Our Brands
Woolworths Group Privacy Centre
Community
Suppliers
Become an Affiliate
Corporate Responsibility
Our Partners
Connect on Social
Follow us on Instagram, Opens in a new window
Follow us on Facebook, Opens in a new window
Follow us on Pinterest, Opens in a new window
Follow us on Youtube, Opens in a new window
Follow us on Twitter, Opens in a new window
We acknowledge the Traditional Owners and Custodians of Country throughout Australia. We pay our respects to all First Nations peoples and acknowledge Elders past and present.
Read more about our commitment to reconciliation
Woolworths Group aims to create more inclusive access for team members and customers with disabilities.
Website accessibility
New South Wales | Liquor Act 2007: No alcohol can be sold or supplied to anyone under 18. It's against the law.

For all Woolworths Online liquor orders, Woolworths Group is acting as an agent on behalf of Endeavour Group Limited (ABN 77 159 767 843). Pricing (including any 'was' or 'strikethrough' price) displayed on the Woolworths website and app for these liquor products are provided by Endeavour Group and reflects pricing on their BWS website which is set by location. They do not, however, include particular specials, clearances and offers which are exclusive to BWS. For Everyday Market from Woolworths orders involving the sale of liquor, Woolworths Marketplace Pty Limited is acting as an agent on behalf of the relevant Everyday Market partner. Woolworths Online supports the Responsible Service of Alcohol. For liquor licence numbers visit the Liquor and Tobacco Licences page.

If you wish to voluntarily exclude yourself from being able to purchase alcohol from our site, you can find out more at our Alcohol Self Exclusion page.
© Woolworths Group Limited 1997-2025 - All Rights Reserved. Woolworths Group Privacy Policy Woolworths Group Cookies Statement Woolworths Collection Notice Terms & Conditions Accessibility
Feedback

================================================================================

=== PAGE 5 ===
URL: https://www.woolworths.com.au/shop/catalogue/view#view=list&saleId=61091&areaName=QLD&page=5
Scraped at: 2025-09-02T20:44:03.741307

Everyday & Other Services
Lists &
Buy again
Log in or Sign up
My Account
View cart button
$0.00
           
          
           worth
           in total
        
Browse products
Specials & catalogue
undefined
Recipes & ideas
undefined
Get more value
undefined
Ways to shop
undefined
Help
undefined
Shop for business
Stores
Delivery to:
Set your Delivery address
Choose
Select a time:
View available times
Choose Time of Delivery. View available times
Choose
Home  /  Catalogues  /  Weekly Catalogue QLD
Home
Pages
Product List
Categories
Bookmarks
  Mainland Cheese Block Varieties 200-250g – From the Fridge
$6.00 each
Range was $7.00
Special pricing for this catalogue is only available from Wednesday 3rd September.
Offer valid Wed 3 Sep - Tue 9 Sep 2025
Jarlsberg Cheese Block 250g – From the Deli
$10.50 each
Was $12.00
$42 per kg
Special pricing for this catalogue is only available from Wednesday 3rd September.
Offer valid Wed 3 Sep - Tue 9 Sep 2025
Macro Australian Grass Fed Beef Burgers 500g Pk 4
$8.00 each
Save $2.00
$16 per kg
Special pricing for this catalogue is only available from Wednesday 3rd September.
Offer valid Wed 3 Sep - Tue 9 Sep 2025
Woolworths Marinated Kebabs Varieties with RSPCA Approved Chicken 750g Pk 12
$10.00 each
Save $1.50
$13.33 per kg
Special pricing for this catalogue is only available from Wednesday 3rd September.
Offer valid Wed 3 Sep - Tue 9 Sep 2025
Mini Entertainer Roll Varieties Pk 12#
$3.80 pk
Save $0.40
32¢ per ea
Special pricing for this catalogue is only available from Wednesday 3rd September.
Offer valid Wed 3 Sep - Tue 9 Sep 2025
McCain Pub Style Chips or Wedges 750g – From the Freezer
$4.20 each
Save $1.80
$5.60 per kg
Special pricing for this catalogue is only available from Wednesday 3rd September.
Offer valid Wed 3 Sep - Tue 9 Sep 2025
Marathon Chicken Dim Sims 1.2 kg – From the Freezer
$8.50 each
Save $1.50
71¢ per 100g
Special pricing for this catalogue is only available from Wednesday 3rd September.
Offer valid Wed 3 Sep - Tue 9 Sep 2025
Patties Party Pack 1.25 kg or Mini Combo Pack 1 kg – From the Freezer
$12.60 each
Save $5.40
Special pricing for this catalogue is only available from Wednesday 3rd September.
Offer valid Wed 3 Sep - Tue 9 Sep 2025
Macro Australian Grass Fed Beef Porterhouse Steaks 400g Pk 2
$18.00 each
Save $4.00
$45 per kg
Special pricing for this catalogue is only available from Wednesday 3rd September.
Offer valid Wed 3 Sep - Tue 9 Sep 2025
Coca-Cola Classic, Diet or Zero Sugar Soft Drink Varieties 30 x 375ml
$30.00 each
40% off, Save $20.00
$2.67 per litre
Special pricing for this catalogue is only available from Wednesday 3rd September.
Offer valid Wed 3 Sep - Tue 9 Sep 2025
Cadbury Chocolate Coated Fruit & Nut Varieties 270-340g
$6.50 each
1/2 Price, Save $6.50
Special pricing for this catalogue is only available from Wednesday 3rd September.
Offer valid Wed 3 Sep - Tue 9 Sep 2025
Cadbury Favourites 470g
$12.00 each
1/2 Price, Save $12.00
$2.55 per 100g
Special pricing for this catalogue is only available from Wednesday 3rd September.
Offer valid Wed 3 Sep - Tue 9 Sep 2025
Previous
3
4
5
6
7
Next
Offer valid Wed 3 Sep - Tue 9 Sep 2025
» Terms and Conditions
powered by Salefinder.com.au

Back to top
Customer Service
Help & Support
Contact Us
Feedback
Product Safety
Product Recalls
Return Policy
Scam Warning
Shop Groceries Online
View My Account
Pick up
Delivery
Delivery Now
New to Online Shopping?
Shop for your Business
Useful Links
Store Locations & Trading Hours
Everyday Rewards
Recipes & Easy Dinner Ideas
Woolworths Catalogue
Our pricing
Meal Planner
Woolworths Fresh Magazine
Woolworths Apps
About Woolworths
Careers
Why Pick Woolies?
Our Brands
Woolworths Group Privacy Centre
Community
Suppliers
Become an Affiliate
Corporate Responsibility
Our Partners
Connect on Social
Follow us on Instagram, Opens in a new window
Follow us on Facebook, Opens in a new window
Follow us on Pinterest, Opens in a new window
Follow us on Youtube, Opens in a new window
Follow us on Twitter, Opens in a new window
We acknowledge the Traditional Owners and Custodians of Country throughout Australia. We pay our respects to all First Nations peoples and acknowledge Elders past and present.
Read more about our commitment to reconciliation
Woolworths Group aims to create more inclusive access for team members and customers with disabilities.
Website accessibility
New South Wales | Liquor Act 2007: No alcohol can be sold or supplied to anyone under 18. It's against the law.

For all Woolworths Online liquor orders, Woolworths Group is acting as an agent on behalf of Endeavour Group Limited (ABN 77 159 767 843). Pricing (including any 'was' or 'strikethrough' price) displayed on the Woolworths website and app for these liquor products are provided by Endeavour Group and reflects pricing on their BWS website which is set by location. They do not, however, include particular specials, clearances and offers which are exclusive to BWS. For Everyday Market from Woolworths orders involving the sale of liquor, Woolworths Marketplace Pty Limited is acting as an agent on behalf of the relevant Everyday Market partner. Woolworths Online supports the Responsible Service of Alcohol. For liquor licence numbers visit the Liquor and Tobacco Licences page.

If you wish to voluntarily exclude yourself from being able to purchase alcohol from our site, you can find out more at our Alcohol Self Exclusion page.
© Woolworths Group Limited 1997-2025 - All Rights Reserved. Woolworths Group Privacy Policy Woolworths Group Cookies Statement Woolworths Collection Notice Terms & Conditions Accessibility
Feedback

================================================================================

=== PAGE 6 ===
URL: https://www.woolworths.com.au/shop/catalogue/view#view=list&saleId=61091&areaName=QLD&page=6
Scraped at: 2025-09-02T20:44:20.802478

Everyday & Other Services
Lists &
Buy again
Log in or Sign up
My Account
View cart button
$0.00
           
          
           worth
           in total
        
Browse products
Specials & catalogue
undefined
Recipes & ideas
undefined
Get more value
undefined
Ways to shop
undefined
Help
undefined
Shop for business
Stores
Delivery to:
Set your Delivery address
Choose
Select a time:
View available times
Choose Time of Delivery. View available times
Choose
Home  /  Catalogues  /  Weekly Catalogue QLD
Home
Pages
Product List
Categories
Bookmarks
  Lindt Lindor Chocolate Box 235g
$14.00 each
1/2 Price, Save $14.00
$5.96 per 100g
Special pricing for this catalogue is only available from Wednesday 3rd September.
Offer valid Wed 3 Sep - Tue 9 Sep 2025
Ferrero Rocher 375g Pk 30
$16.00 each
1/2 Price, Save $16.00
$4.27 per 100g
Special pricing for this catalogue is only available from Wednesday 3rd September.
Offer valid Wed 3 Sep - Tue 9 Sep 2025
Lindt Lindor Cornet 327-333g
$17.00 each
1/2 Price, Save $17.00
Special pricing for this catalogue is only available from Wednesday 3rd September.
Offer valid Wed 3 Sep - Tue 9 Sep 2025
Bonds Men’s Cushioned Low Cut Socks Pk 3
$8.00 each
1/2 Price, Save $8.00
$2.67 per ea
Special pricing for this catalogue is only available from Wednesday 3rd September.
Offer valid Wed 3 Sep - Tue 9 Sep 2025
Willow Cooler 25 Litre
$23.00 each
1/2 Price, Save $23.00
Special pricing for this catalogue is only available from Wednesday 3rd September.
Offer valid Wed 3 Sep - Tue 9 Sep 2025
Liquid Ears Long Play Over Ear Wireless Headphones Assorted
$35.00 each
Save $15.00
Special pricing for this catalogue is only available from Wednesday 3rd September.
Offer valid Wed 3 Sep - Tue 9 Sep 2025
Australian Amorette® Seedless Mandarins
$3.90 kg*
Special pricing for this catalogue is only available from Wednesday 3rd September.
Offer valid Wed 3 Sep - Tue 9 Sep 2025
Australian Kanzi® Apples
$5.50 kg*
Special pricing for this catalogue is only available from Wednesday 3rd September.
Offer valid Wed 3 Sep - Tue 9 Sep 2025
Green Kiwifruit – Product of New Zealand
$7.90 kg*
Special pricing for this catalogue is only available from Wednesday 3rd September.
Offer valid Wed 3 Sep - Tue 9 Sep 2025
Australian Odd Bunch Avocados 1 kg Pack
$4.50 pk
$4.50 per kg
Special pricing for this catalogue is only available from Wednesday 3rd September.
Offer valid Wed 3 Sep - Tue 9 Sep 2025
Australian Carrots 1 kg Pack
$1.70 pk
$1.70 per kg
Special pricing for this catalogue is only available from Wednesday 3rd September.
Offer valid Wed 3 Sep - Tue 9 Sep 2025
Australian Broccolini® Bunch
$2.00 each
Special pricing for this catalogue is only available from Wednesday 3rd September.
Offer valid Wed 3 Sep - Tue 9 Sep 2025
Previous
4
5
6
7
8
Next
Offer valid Wed 3 Sep - Tue 9 Sep 2025
» Terms and Conditions
powered by Salefinder.com.au

Back to top
Customer Service
Help & Support
Contact Us
Feedback
Product Safety
Product Recalls
Return Policy
Scam Warning
Shop Groceries Online
View My Account
Pick up
Delivery
Delivery Now
New to Online Shopping?
Shop for your Business
Useful Links
Store Locations & Trading Hours
Everyday Rewards
Recipes & Easy Dinner Ideas
Woolworths Catalogue
Our pricing
Meal Planner
Woolworths Fresh Magazine
Woolworths Apps
About Woolworths
Careers
Why Pick Woolies?
Our Brands
Woolworths Group Privacy Centre
Community
Suppliers
Become an Affiliate
Corporate Responsibility
Our Partners
Connect on Social
Follow us on Instagram, Opens in a new window
Follow us on Facebook, Opens in a new window
Follow us on Pinterest, Opens in a new window
Follow us on Youtube, Opens in a new window
Follow us on Twitter, Opens in a new window
We acknowledge the Traditional Owners and Custodians of Country throughout Australia. We pay our respects to all First Nations peoples and acknowledge Elders past and present.
Read more about our commitment to reconciliation
Woolworths Group aims to create more inclusive access for team members and customers with disabilities.
Website accessibility
New South Wales | Liquor Act 2007: No alcohol can be sold or supplied to anyone under 18. It's against the law.

For all Woolworths Online liquor orders, Woolworths Group is acting as an agent on behalf of Endeavour Group Limited (ABN 77 159 767 843). Pricing (including any 'was' or 'strikethrough' price) displayed on the Woolworths website and app for these liquor products are provided by Endeavour Group and reflects pricing on their BWS website which is set by location. They do not, however, include particular specials, clearances and offers which are exclusive to BWS. For Everyday Market from Woolworths orders involving the sale of liquor, Woolworths Marketplace Pty Limited is acting as an agent on behalf of the relevant Everyday Market partner. Woolworths Online supports the Responsible Service of Alcohol. For liquor licence numbers visit the Liquor and Tobacco Licences page.

If you wish to voluntarily exclude yourself from being able to purchase alcohol from our site, you can find out more at our Alcohol Self Exclusion page.
© Woolworths Group Limited 1997-2025 - All Rights Reserved. Woolworths Group Privacy Policy Woolworths Group Cookies Statement Woolworths Collection Notice Terms & Conditions Accessibility
Feedback

================================================================================

=== PAGE 7 ===
URL: https://www.woolworths.com.au/shop/catalogue/view#view=list&saleId=61091&areaName=QLD&page=7
Scraped at: 2025-09-02T20:44:37.866834

Everyday & Other Services
Lists &
Buy again
Log in or Sign up
My Account
View cart button
$0.00
           
          
           worth
           in total
        
Browse products
Specials & catalogue
undefined
Recipes & ideas
undefined
Get more value
undefined
Ways to shop
undefined
Help
undefined
Shop for business
Stores
Delivery to:
Set your Delivery address
Choose
Select a time:
View available times
Choose Time of Delivery. View available times
Choose
Home  /  Catalogues  /  Weekly Catalogue QLD
Home
Pages
Product List
Categories
Bookmarks
  Australian Red Onions 1 kg Pack
$3.50 pk
$3.50 per kg
Special pricing for this catalogue is only available from Wednesday 3rd September.
Offer valid Wed 3 Sep - Tue 9 Sep 2025
Australian Iceberg Lettuce
$2.50 each
Special pricing for this catalogue is only available from Wednesday 3rd September.
Offer valid Wed 3 Sep - Tue 9 Sep 2025
Australian Macro Organic Spring Onion Bunch
$4.00 each
Special pricing for this catalogue is only available from Wednesday 3rd September.
Offer valid Wed 3 Sep - Tue 9 Sep 2025
Australian Cup or Sliced Mushrooms 500g Pack
$5.00 pk
$10 per kg
Special pricing for this catalogue is only available from Wednesday 3rd September.
Offer valid Wed 3 Sep - Tue 9 Sep 2025
Woolworths Asian Style Salad Kit 350g, Greek Style Salad Kit 270g or Honey Mustard Salad Kit 285g Pack
$5.00 pk
Save $0.50
Special pricing for this catalogue is only available from Wednesday 3rd September.
Offer valid Wed 3 Sep - Tue 9 Sep 2025
Woolworths Australian Walnuts Kernel 500g Pack
$9.50 each
Save $3.00
$19 per kg
Special pricing for this catalogue is only available from Wednesday 3rd September.
Offer valid Wed 3 Sep - Tue 9 Sep 2025
Australian Qukes® Baby Cucumbers 250g Pack
$3.00 pk
Was $3.90
$12 per kg
Special pricing for this catalogue is only available from Wednesday 3rd September.
Offer valid Wed 3 Sep - Tue 9 Sep 2025
Australian Snackables™ Carrots 250g Pack
$3.00 pk
Was $4.00
$12 per kg
Special pricing for this catalogue is only available from Wednesday 3rd September.
Offer valid Wed 3 Sep - Tue 9 Sep 2025
Bertocchi Gold Streaky Bacon 300g – From the Fridge
$7.70 each
Save $3.30
$25.67 per kg
Special pricing for this catalogue is only available from Wednesday 3rd September.
Offer valid Wed 3 Sep - Tue 9 Sep 2025
Bertocchi Gold Bacon Varieties 400g – From the Fridge
$7.70 each
Save $3.30
$19.25 per kg
Special pricing for this catalogue is only available from Wednesday 3rd September.
Offer valid Wed 3 Sep - Tue 9 Sep 2025
Golden Crumpets Rounds Pk 6
$2.30 pk
1/2 Price, Save $2.30
38¢ per ea
Special pricing for this catalogue is only available from Wednesday 3rd September.
Offer valid Wed 3 Sep - Tue 9 Sep 2025
Mr Kipling Cake Slices Varieties Pk 6
$3.60 pk
40% off, Save $2.40
60¢ per ea
Special pricing for this catalogue is only available from Wednesday 3rd September.
Offer valid Wed 3 Sep - Tue 9 Sep 2025
Previous
5
6
7
8
9
Next
Offer valid Wed 3 Sep - Tue 9 Sep 2025
» Terms and Conditions
powered by Salefinder.com.au

Back to top
Customer Service
Help & Support
Contact Us
Feedback
Product Safety
Product Recalls
Return Policy
Scam Warning
Shop Groceries Online
View My Account
Pick up
Delivery
Delivery Now
New to Online Shopping?
Shop for your Business
Useful Links
Store Locations & Trading Hours
Everyday Rewards
Recipes & Easy Dinner Ideas
Woolworths Catalogue
Our pricing
Meal Planner
Woolworths Fresh Magazine
Woolworths Apps
About Woolworths
Careers
Why Pick Woolies?
Our Brands
Woolworths Group Privacy Centre
Community
Suppliers
Become an Affiliate
Corporate Responsibility
Our Partners
Connect on Social
Follow us on Instagram, Opens in a new window
Follow us on Facebook, Opens in a new window
Follow us on Pinterest, Opens in a new window
Follow us on Youtube, Opens in a new window
Follow us on Twitter, Opens in a new window
We acknowledge the Traditional Owners and Custodians of Country throughout Australia. We pay our respects to all First Nations peoples and acknowledge Elders past and present.
Read more about our commitment to reconciliation
Woolworths Group aims to create more inclusive access for team members and customers with disabilities.
Website accessibility
New South Wales | Liquor Act 2007: No alcohol can be sold or supplied to anyone under 18. It's against the law.

For all Woolworths Online liquor orders, Woolworths Group is acting as an agent on behalf of Endeavour Group Limited (ABN 77 159 767 843). Pricing (including any 'was' or 'strikethrough' price) displayed on the Woolworths website and app for these liquor products are provided by Endeavour Group and reflects pricing on their BWS website which is set by location. They do not, however, include particular specials, clearances and offers which are exclusive to BWS. For Everyday Market from Woolworths orders involving the sale of liquor, Woolworths Marketplace Pty Limited is acting as an agent on behalf of the relevant Everyday Market partner. Woolworths Online supports the Responsible Service of Alcohol. For liquor licence numbers visit the Liquor and Tobacco Licences page.

If you wish to voluntarily exclude yourself from being able to purchase alcohol from our site, you can find out more at our Alcohol Self Exclusion page.
© Woolworths Group Limited 1997-2025 - All Rights Reserved. Woolworths Group Privacy Policy Woolworths Group Cookies Statement Woolworths Collection Notice Terms & Conditions Accessibility
Feedback

================================================================================

=== PAGE 8 ===
URL: https://www.woolworths.com.au/shop/catalogue/view#view=list&saleId=61091&areaName=QLD&page=8
Scraped at: 2025-09-02T20:44:54.932269

Everyday & Other Services
Lists &
Buy again
Log in or Sign up
My Account
View cart button
$0.00
           
          
           worth
           in total
        
Browse products
Specials & catalogue
undefined
Recipes & ideas
undefined
Get more value
undefined
Ways to shop
undefined
Help
undefined
Shop for business
Stores
Delivery to:
Set your Delivery address
Choose
Select a time:
View available times
Choose Time of Delivery. View available times
Choose
Home  /  Catalogues  /  Weekly Catalogue QLD
Home
Pages
Product List
Categories
Bookmarks
  Strength Meals Co Varieties 350g – From the Deli
$8.50 each
Save $1.45
$2.43 per 100g
Special pricing for this catalogue is only available from Wednesday 3rd September.
Offer valid Wed 3 Sep - Tue 9 Sep 2025
D’Orsogna Shortcut Bacon 1 kg – From the Fridge
$16.00 each
Save $6.00
$16 per kg
Special pricing for this catalogue is only available from Wednesday 3rd September.
Offer valid Wed 3 Sep - Tue 9 Sep 2025
D’Orsogna Honey Ham – Sliced or Shaved – From the Deli
$23.00 kg
Save $3.00 kg
$2.30 per 100g
Special pricing for this catalogue is only available from Wednesday 3rd September.
Offer valid Wed 3 Sep - Tue 9 Sep 2025
Cheese & Bacon Rolls Pk 6#
$5.90 pk
Save $0.60
98¢ per ea
Special pricing for this catalogue is only available from Wednesday 3rd September.
Offer valid Wed 3 Sep - Tue 9 Sep 2025
KRC Hungarian Salami – Sliced or Shaved – From the Deli
$29.50 kg
Save $6.50 kg
$2.95 per 100g
Special pricing for this catalogue is only available from Wednesday 3rd September.
Offer valid Wed 3 Sep - Tue 9 Sep 2025
Woolworths Anzac Biscuits or Choc Chip or Funfetti Cookies Pk 24#
$6.00 pk
Save $0.50
25¢ per ea
Special pricing for this catalogue is only available from Wednesday 3rd September.
Offer valid Wed 3 Sep - Tue 9 Sep 2025
Woolworths BBQ Lamb Kebabs with Mint & Honey 450g Pk 8
Any 2 for $15.00
Save $2.00
$16.67 per kg
Special pricing for this catalogue is only available from Wednesday 3rd September.
Offer valid Wed 3 Sep - Tue 9 Sep 2025
Woolworths Pot Set Greek Style Yoghurt 1 kg – From the Fridge
Everyday Low Price
$6.00 each
60¢ per 100g
Special pricing for this catalogue is only available from Wednesday 3rd September.
Offer valid Wed 3 Sep - Tue 9 Sep 2025
Woolworths Fetta Cheese Varieties 200g – From the Fridge
$3.20 each
Range was $3.50
$16 per kg
Special pricing for this catalogue is only available from Wednesday 3rd September.
Offer valid Wed 3 Sep - Tue 9 Sep 2025
Australian Fresh RSPCA Approved Chicken Drumsticks Bulk Pack
$4.30 kg
Save $0.50 kg
Special pricing for this catalogue is only available from Wednesday 3rd September.
Offer valid Wed 3 Sep - Tue 9 Sep 2025
Steggles Family Roast Whole Chicken
$4.50 kg
Save $2.50 kg
Special pricing for this catalogue is only available from Wednesday 3rd September.
Offer valid Wed 3 Sep - Tue 9 Sep 2025
Australian Pork Leg Boneless Roast
$9.00 kg
Save $3.00 kg
Special pricing for this catalogue is only available from Wednesday 3rd September.
Offer valid Wed 3 Sep - Tue 9 Sep 2025
Previous
6
7
8
9
10
Next
Offer valid Wed 3 Sep - Tue 9 Sep 2025
» Terms and Conditions
powered by Salefinder.com.au

Back to top
Customer Service
Help & Support
Contact Us
Feedback
Product Safety
Product Recalls
Return Policy
Scam Warning
Shop Groceries Online
View My Account
Pick up
Delivery
Delivery Now
New to Online Shopping?
Shop for your Business
Useful Links
Store Locations & Trading Hours
Everyday Rewards
Recipes & Easy Dinner Ideas
Woolworths Catalogue
Our pricing
Meal Planner
Woolworths Fresh Magazine
Woolworths Apps
About Woolworths
Careers
Why Pick Woolies?
Our Brands
Woolworths Group Privacy Centre
Community
Suppliers
Become an Affiliate
Corporate Responsibility
Our Partners
Connect on Social
Follow us on Instagram, Opens in a new window
Follow us on Facebook, Opens in a new window
Follow us on Pinterest, Opens in a new window
Follow us on Youtube, Opens in a new window
Follow us on Twitter, Opens in a new window
We acknowledge the Traditional Owners and Custodians of Country throughout Australia. We pay our respects to all First Nations peoples and acknowledge Elders past and present.
Read more about our commitment to reconciliation
Woolworths Group aims to create more inclusive access for team members and customers with disabilities.
Website accessibility
New South Wales | Liquor Act 2007: No alcohol can be sold or supplied to anyone under 18. It's against the law.

For all Woolworths Online liquor orders, Woolworths Group is acting as an agent on behalf of Endeavour Group Limited (ABN 77 159 767 843). Pricing (including any 'was' or 'strikethrough' price) displayed on the Woolworths website and app for these liquor products are provided by Endeavour Group and reflects pricing on their BWS website which is set by location. They do not, however, include particular specials, clearances and offers which are exclusive to BWS. For Everyday Market from Woolworths orders involving the sale of liquor, Woolworths Marketplace Pty Limited is acting as an agent on behalf of the relevant Everyday Market partner. Woolworths Online supports the Responsible Service of Alcohol. For liquor licence numbers visit the Liquor and Tobacco Licences page.

If you wish to voluntarily exclude yourself from being able to purchase alcohol from our site, you can find out more at our Alcohol Self Exclusion page.
© Woolworths Group Limited 1997-2025 - All Rights Reserved. Woolworths Group Privacy Policy Woolworths Group Cookies Statement Woolworths Collection Notice Terms & Conditions Accessibility
Feedback

================================================================================

=== PAGE 9 ===
URL: https://www.woolworths.com.au/shop/catalogue/view#view=list&saleId=61091&areaName=QLD&page=9
Scraped at: 2025-09-02T20:45:11.996320

Everyday & Other Services
Lists &
Buy again
Log in or Sign up
My Account
View cart button
$0.00
           
          
           worth
           in total
        
Browse products
Specials & catalogue
undefined
Recipes & ideas
undefined
Get more value
undefined
Ways to shop
undefined
Help
undefined
Shop for business
Stores
Delivery to:
Set your Delivery address
Choose
Select a time:
View available times
Choose Time of Delivery. View available times
Choose
Home  /  Catalogues  /  Weekly Catalogue QLD
Home
Pages
Product List
Categories
Bookmarks
  Woolworths COOK Pork Ribs with Smokey BBQ Sauce 650g
$10.50 each
Save $4.00
$16.15 per kg
Special pricing for this catalogue is only available from Wednesday 3rd September.
Offer valid Wed 3 Sep - Tue 9 Sep 2025
Woolworths COOK Slow Cooked Beef Brisket with BBQ Sauce 700g
$14.00 each
Save $2.50
$20 per kg
Special pricing for this catalogue is only available from Wednesday 3rd September.
Offer valid Wed 3 Sep - Tue 9 Sep 2025
Thawed Extra Large Australian Green Tiger Prawns
$18.00 kg
Save $11.00 kg
Special pricing for this catalogue is only available from Wednesday 3rd September.
Offer valid Wed 3 Sep - Tue 9 Sep 2025
Woolworths Short Cut Bacon 1 kg – From the Fridge
$11.70 each
Was $13.00
$11.70 per kg
Special pricing for this catalogue is only available from Wednesday 3rd September.
Offer valid Wed 3 Sep - Tue 9 Sep 2025
Activia Danone Probiotics Yoghurt 900g – From the Fridge
$7.00 each
Range was $7.50
78¢ per 100g
Special pricing for this catalogue is only available from Wednesday 3rd September.
Offer valid Wed 3 Sep - Tue 9 Sep 2025
Woolworths All Butter Croissants Pk 3 or Pk 4
$2.60 each
Was $2.95
Special pricing for this catalogue is only available from Wednesday 3rd September.
Offer valid Wed 3 Sep - Tue 9 Sep 2025
Woolworths Oats 750g
$1.60 each
Range was $1.70
21¢ per 100g
Special pricing for this catalogue is only available from Wednesday 3rd September.
Offer valid Wed 3 Sep - Tue 9 Sep 2025
Woolworths Stonebaked Turkish Rolls 400g Pk 4 or Pide 400g
$2.60 each
Was $2.70
65¢ per 100g
Special pricing for this catalogue is only available from Wednesday 3rd September.
Offer valid Wed 3 Sep - Tue 9 Sep 2025
Borg’s Puff Pastry Sheets 1 kg Pk 6 – From the Freezer
$5.00 each
Was $5.50
50¢ per 100g
Special pricing for this catalogue is only available from Wednesday 3rd September.
Offer valid Wed 3 Sep - Tue 9 Sep 2025
Woolworths Maple Syrup 250ml
$6.00 each
Was $6.60
$2.40 per 100ml
Special pricing for this catalogue is only available from Wednesday 3rd September.
Offer valid Wed 3 Sep - Tue 9 Sep 2025
Kellogg’s Fun Pack 170g Pk 6
$6.75 each
Was $7.50
$3.97 per 100g
Special pricing for this catalogue is only available from Wednesday 3rd September.
Offer valid Wed 3 Sep - Tue 9 Sep 2025
Nescafe Coffee Blend 43 300g
$18.00 each
Was $24.50
$6 per 100g
Special pricing for this catalogue is only available from Wednesday 3rd September.
Offer valid Wed 3 Sep - Tue 9 Sep 2025
Previous
7
8
9
10
11
Next
Offer valid Wed 3 Sep - Tue 9 Sep 2025
» Terms and Conditions
powered by Salefinder.com.au

Back to top
Customer Service
Help & Support
Contact Us
Feedback
Product Safety
Product Recalls
Return Policy
Scam Warning
Shop Groceries Online
View My Account
Pick up
Delivery
Delivery Now
New to Online Shopping?
Shop for your Business
Useful Links
Store Locations & Trading Hours
Everyday Rewards
Recipes & Easy Dinner Ideas
Woolworths Catalogue
Our pricing
Meal Planner
Woolworths Fresh Magazine
Woolworths Apps
About Woolworths
Careers
Why Pick Woolies?
Our Brands
Woolworths Group Privacy Centre
Community
Suppliers
Become an Affiliate
Corporate Responsibility
Our Partners
Connect on Social
Follow us on Instagram, Opens in a new window
Follow us on Facebook, Opens in a new window
Follow us on Pinterest, Opens in a new window
Follow us on Youtube, Opens in a new window
Follow us on Twitter, Opens in a new window
We acknowledge the Traditional Owners and Custodians of Country throughout Australia. We pay our respects to all First Nations peoples and acknowledge Elders past and present.
Read more about our commitment to reconciliation
Woolworths Group aims to create more inclusive access for team members and customers with disabilities.
Website accessibility
New South Wales | Liquor Act 2007: No alcohol can be sold or supplied to anyone under 18. It's against the law.

For all Woolworths Online liquor orders, Woolworths Group is acting as an agent on behalf of Endeavour Group Limited (ABN 77 159 767 843). Pricing (including any 'was' or 'strikethrough' price) displayed on the Woolworths website and app for these liquor products are provided by Endeavour Group and reflects pricing on their BWS website which is set by location. They do not, however, include particular specials, clearances and offers which are exclusive to BWS. For Everyday Market from Woolworths orders involving the sale of liquor, Woolworths Marketplace Pty Limited is acting as an agent on behalf of the relevant Everyday Market partner. Woolworths Online supports the Responsible Service of Alcohol. For liquor licence numbers visit the Liquor and Tobacco Licences page.

If you wish to voluntarily exclude yourself from being able to purchase alcohol from our site, you can find out more at our Alcohol Self Exclusion page.
© Woolworths Group Limited 1997-2025 - All Rights Reserved. Woolworths Group Privacy Policy Woolworths Group Cookies Statement Woolworths Collection Notice Terms & Conditions Accessibility
Feedback

================================================================================

=== PAGE 10 ===
URL: https://www.woolworths.com.au/shop/catalogue/view#view=list&saleId=61091&areaName=QLD&page=10
Scraped at: 2025-09-02T20:45:29.058562

Everyday & Other Services
Lists &
Buy again
Log in or Sign up
My Account
View cart button
$0.00
           
          
           worth
           in total
        
Browse products
Specials & catalogue
undefined
Recipes & ideas
undefined
Get more value
undefined
Ways to shop
undefined
Help
undefined
Shop for business
Stores
Delivery to:
Set your Delivery address
Choose
Select a time:
View available times
Choose Time of Delivery. View available times
Choose
Home  /  Catalogues  /  Weekly Catalogue QLD
Home
Pages
Product List
Categories
Bookmarks
  Old Telegraph Road Brie or Camembert 115g – From the Deli
$4.00 each
Save $0.40
$34.78 per kg
Special pricing for this catalogue is only available from Wednesday 3rd September.
Offer valid Wed 3 Sep - Tue 9 Sep 2025
Castello Cheese Varieties 150g – Excludes Truffle & Red Rind – From the Deli
$6.80 each
Save $1.20
$45.33 per kg
Special pricing for this catalogue is only available from Wednesday 3rd September.
Offer valid Wed 3 Sep - Tue 9 Sep 2025
Oak Flavoured Milk 600ml
$3.20 each
Save $1.00
$5.33 per litre
Special pricing for this catalogue is only available from Wednesday 3rd September.
Offer valid Wed 3 Sep - Tue 9 Sep 2025
Yumi’s Dips 200g
$3.50 each
Save $1.00
$1.75 per 100g
Special pricing for this catalogue is only available from Wednesday 3rd September.
Offer valid Wed 3 Sep - Tue 9 Sep 2025
Primo Stackers, Trios or Protein 45-57g
$3.50 each
Save $1.00
Special pricing for this catalogue is only available from Wednesday 3rd September.
Offer valid Wed 3 Sep - Tue 9 Sep 2025
Dare Iced Coffee 750ml
$4.30 each
Save $1.10
$5.73 per litre
Special pricing for this catalogue is only available from Wednesday 3rd September.
Offer valid Wed 3 Sep - Tue 9 Sep 2025
Lurpak Spreadable 250g
$5.25 each
Save $0.75
$2.10 per 100g
Special pricing for this catalogue is only available from Wednesday 3rd September.
Offer valid Wed 3 Sep - Tue 9 Sep 2025
Nudie Nothing But Tropical Brekkie 2 Litre
$7.60 each
Save $0.90
$3.80 per litre
Special pricing for this catalogue is only available from Wednesday 3rd September.
Offer valid Wed 3 Sep - Tue 9 Sep 2025
Cocobella Fusions 400ml
$2.90 each
Range was $3.50
$7.25 per litre
Special pricing for this catalogue is only available from Wednesday 3rd September.
Offer valid Wed 3 Sep - Tue 9 Sep 2025
Western Star Spreadable 500g
$6.70 each
Range was $7.50
$1.34 per 100g
Special pricing for this catalogue is only available from Wednesday 3rd September.
Offer valid Wed 3 Sep - Tue 9 Sep 2025
Wicked Sister Desserts 150-170g Pk 2 – From the Fridge
$3.60 each
Save $1.30
Special pricing for this catalogue is only available from Wednesday 3rd September.
Offer valid Wed 3 Sep - Tue 9 Sep 2025
Peters Drumstick Ice Cream 475-490ml Pk 4-6 – Excludes Plant Based – From the Freezer
$5.70 each
40% off, Save $3.80
Special pricing for this catalogue is only available from Wednesday 3rd September.
Offer valid Wed 3 Sep - Tue 9 Sep 2025
Previous
8
9
10
11
12
Next
Offer valid Wed 3 Sep - Tue 9 Sep 2025
» Terms and Conditions
powered by Salefinder.com.au

Back to top
Customer Service
Help & Support
Contact Us
Feedback
Product Safety
Product Recalls
Return Policy
Scam Warning
Shop Groceries Online
View My Account
Pick up
Delivery
Delivery Now
New to Online Shopping?
Shop for your Business
Useful Links
Store Locations & Trading Hours
Everyday Rewards
Recipes & Easy Dinner Ideas
Woolworths Catalogue
Our pricing
Meal Planner
Woolworths Fresh Magazine
Woolworths Apps
About Woolworths
Careers
Why Pick Woolies?
Our Brands
Woolworths Group Privacy Centre
Community
Suppliers
Become an Affiliate
Corporate Responsibility
Our Partners
Connect on Social
Follow us on Instagram, Opens in a new window
Follow us on Facebook, Opens in a new window
Follow us on Pinterest, Opens in a new window
Follow us on Youtube, Opens in a new window
Follow us on Twitter, Opens in a new window
We acknowledge the Traditional Owners and Custodians of Country throughout Australia. We pay our respects to all First Nations peoples and acknowledge Elders past and present.
Read more about our commitment to reconciliation
Woolworths Group aims to create more inclusive access for team members and customers with disabilities.
Website accessibility
New South Wales | Liquor Act 2007: No alcohol can be sold or supplied to anyone under 18. It's against the law.

For all Woolworths Online liquor orders, Woolworths Group is acting as an agent on behalf of Endeavour Group Limited (ABN 77 159 767 843). Pricing (including any 'was' or 'strikethrough' price) displayed on the Woolworths website and app for these liquor products are provided by Endeavour Group and reflects pricing on their BWS website which is set by location. They do not, however, include particular specials, clearances and offers which are exclusive to BWS. For Everyday Market from Woolworths orders involving the sale of liquor, Woolworths Marketplace Pty Limited is acting as an agent on behalf of the relevant Everyday Market partner. Woolworths Online supports the Responsible Service of Alcohol. For liquor licence numbers visit the Liquor and Tobacco Licences page.

If you wish to voluntarily exclude yourself from being able to purchase alcohol from our site, you can find out more at our Alcohol Self Exclusion page.
© Woolworths Group Limited 1997-2025 - All Rights Reserved. Woolworths Group Privacy Policy Woolworths Group Cookies Statement Woolworths Collection Notice Terms & Conditions Accessibility
Feedback

================================================================================

=== PAGE 11 ===
URL: https://www.woolworths.com.au/shop/catalogue/view#view=list&saleId=61091&areaName=QLD&page=11
Scraped at: 2025-09-02T20:45:46.124790

Everyday & Other Services
Lists &
Buy again
Log in or Sign up
My Account
View cart button
$0.00
           
          
           worth
           in total
        
Browse products
Specials & catalogue
undefined
Recipes & ideas
undefined
Get more value
undefined
Ways to shop
undefined
Help
undefined
Shop for business
Stores
Delivery to:
Set your Delivery address
Choose
Select a time:
View available times
Choose Time of Delivery. View available times
Choose
Home  /  Catalogues  /  Weekly Catalogue QLD
Home
Pages
Product List
Categories
Bookmarks
  Gippsland Mix-Ins Yoghurt 140g – From the Fridge
$2.90 each
Save $1.30
$2.07 per 100g
Special pricing for this catalogue is only available from Wednesday 3rd September.
Offer valid Wed 3 Sep - Tue 9 Sep 2025
Gippsland Dairy Twist Yoghurt 700g – From the Fridge
$6.30 each
Save $1.60
90¢ per 100g
Special pricing for this catalogue is only available from Wednesday 3rd September.
Offer valid Wed 3 Sep - Tue 9 Sep 2025
Vaalia Kids Yoghurt Pouch 140g or Tamar Valley Kids Pouch 110g – From the Fridge
Any 5 for $10.00
Save $2.50
Special pricing for this catalogue is only available from Wednesday 3rd September.
Offer valid Wed 3 Sep - Tue 9 Sep 2025
Weis Bars 264-280ml Pk 4-6 – From the Freezer
$6.50 each
Save $3.00
Special pricing for this catalogue is only available from Wednesday 3rd September.
Offer valid Wed 3 Sep - Tue 9 Sep 2025
Streets Calippo 575ml Pk 10 or Cyclone 688ml Pk 8 – From the Freezer
$7.00 each
Save $2.00
Special pricing for this catalogue is only available from Wednesday 3rd September.
Offer valid Wed 3 Sep - Tue 9 Sep 2025
Haagen-Dazs Collection 380ml Pk 4 – From the Freezer
$10.00 each
Save $3.50
$2.63 per 100ml
Special pricing for this catalogue is only available from Wednesday 3rd September.
Offer valid Wed 3 Sep - Tue 9 Sep 2025
Devondale Butter Block 250g – From the Fridge
$4.60 each
Range was $5.30
$1.84 per 100g
Special pricing for this catalogue is only available from Wednesday 3rd September.
Offer valid Wed 3 Sep - Tue 9 Sep 2025
Mil Lel Parmesan Cheese Varieties 170g – From the Fridge
$5.50 each
Range was $6.90
$32.35 per kg
Special pricing for this catalogue is only available from Wednesday 3rd September.
Offer valid Wed 3 Sep - Tue 9 Sep 2025
Hong Kong Kitchen Dumplings or Pork Buns 240-480g
$4.25 each
1/2 Price, Save $4.25
Special pricing for this catalogue is only available from Wednesday 3rd September.
Offer valid Wed 3 Sep - Tue 9 Sep 2025
Herbert Adams Gourmet Pies 400-420g Pk 2
$6.00 each
40% off, Save $4.00
Special pricing for this catalogue is only available from Wednesday 3rd September.
Offer valid Wed 3 Sep - Tue 9 Sep 2025
McCain Hash Browns 750g
$3.40 each
40% off, Save $2.40
$4.53 per kg
Special pricing for this catalogue is only available from Wednesday 3rd September.
Offer valid Wed 3 Sep - Tue 9 Sep 2025
Lean Cuisine Frozen Meals 375g
$5.60 each
Save $1.40
$1.49 per 100g
Special pricing for this catalogue is only available from Wednesday 3rd September.
Offer valid Wed 3 Sep - Tue 9 Sep 2025
Previous
9
10
11
12
13
Next
Offer valid Wed 3 Sep - Tue 9 Sep 2025
» Terms and Conditions
powered by Salefinder.com.au

Back to top
Customer Service
Help & Support
Contact Us
Feedback
Product Safety
Product Recalls
Return Policy
Scam Warning
Shop Groceries Online
View My Account
Pick up
Delivery
Delivery Now
New to Online Shopping?
Shop for your Business
Useful Links
Store Locations & Trading Hours
Everyday Rewards
Recipes & Easy Dinner Ideas
Woolworths Catalogue
Our pricing
Meal Planner
Woolworths Fresh Magazine
Woolworths Apps
About Woolworths
Careers
Why Pick Woolies?
Our Brands
Woolworths Group Privacy Centre
Community
Suppliers
Become an Affiliate
Corporate Responsibility
Our Partners
Connect on Social
Follow us on Instagram, Opens in a new window
Follow us on Facebook, Opens in a new window
Follow us on Pinterest, Opens in a new window
Follow us on Youtube, Opens in a new window
Follow us on Twitter, Opens in a new window
We acknowledge the Traditional Owners and Custodians of Country throughout Australia. We pay our respects to all First Nations peoples and acknowledge Elders past and present.
Read more about our commitment to reconciliation
Woolworths Group aims to create more inclusive access for team members and customers with disabilities.
Website accessibility
New South Wales | Liquor Act 2007: No alcohol can be sold or supplied to anyone under 18. It's against the law.

For all Woolworths Online liquor orders, Woolworths Group is acting as an agent on behalf of Endeavour Group Limited (ABN 77 159 767 843). Pricing (including any 'was' or 'strikethrough' price) displayed on the Woolworths website and app for these liquor products are provided by Endeavour Group and reflects pricing on their BWS website which is set by location. They do not, however, include particular specials, clearances and offers which are exclusive to BWS. For Everyday Market from Woolworths orders involving the sale of liquor, Woolworths Marketplace Pty Limited is acting as an agent on behalf of the relevant Everyday Market partner. Woolworths Online supports the Responsible Service of Alcohol. For liquor licence numbers visit the Liquor and Tobacco Licences page.

If you wish to voluntarily exclude yourself from being able to purchase alcohol from our site, you can find out more at our Alcohol Self Exclusion page.
© Woolworths Group Limited 1997-2025 - All Rights Reserved. Woolworths Group Privacy Policy Woolworths Group Cookies Statement Woolworths Collection Notice Terms & Conditions Accessibility
Feedback

================================================================================

=== PAGE 12 ===
URL: https://www.woolworths.com.au/shop/catalogue/view#view=list&saleId=61091&areaName=QLD&page=12
Scraped at: 2025-09-02T20:46:03.192842

Everyday & Other Services
Lists &
Buy again
Log in or Sign up
My Account
View cart button
$0.00
           
          
           worth
           in total
        
Browse products
Specials & catalogue
undefined
Recipes & ideas
undefined
Get more value
undefined
Ways to shop
undefined
Help
undefined
Shop for business
Stores
Delivery to:
Set your Delivery address
Choose
Select a time:
View available times
Choose Time of Delivery. View available times
Choose
Home  /  Catalogues  /  Weekly Catalogue QLD
Home
Pages
Product List
Categories
Bookmarks
  Mr Chen’s Frozen Snack Bites 200g
$6.00 each
Save $1.50
$3 per 100g
Special pricing for this catalogue is only available from Wednesday 3rd September.
Offer valid Wed 3 Sep - Tue 9 Sep 2025
Sealord Hoki Fish Fillets 300g
$7.00 each
Save $2.00
$23.33 per kg
Special pricing for this catalogue is only available from Wednesday 3rd September.
Offer valid Wed 3 Sep - Tue 9 Sep 2025
Tegel Take Outs Louisiana Style Chicken Burgers 600g
$9.50 each
Save $4.50
$15.83 per kg
Special pricing for this catalogue is only available from Wednesday 3rd September.
Offer valid Wed 3 Sep - Tue 9 Sep 2025
Ingham’s Original Chicken Tenders, Tempura Nuggets or Wing Dings 1 kg
$11.00 each
Save $2.00
$11 per kg
Special pricing for this catalogue is only available from Wednesday 3rd September.
Offer valid Wed 3 Sep - Tue 9 Sep 2025
McCain Healthy Choice Frozen Meals 280-350g
$4.50 each
Range was $5.00
Special pricing for this catalogue is only available from Wednesday 3rd September.
Offer valid Wed 3 Sep - Tue 9 Sep 2025
Bulla Ice Cream Tub 4 Litre
$10.50 each
Range was $11.50
26¢ per 100ml
Special pricing for this catalogue is only available from Wednesday 3rd September.
Offer valid Wed 3 Sep - Tue 9 Sep 2025
Kellogg’s Special K 300g or Froot Loops 285g
$3.50 each
1/2 Price, Save $3.50
Special pricing for this catalogue is only available from Wednesday 3rd September.
Offer valid Wed 3 Sep - Tue 9 Sep 2025
Kellogg’s Coco Pops 375g, Sultana Bran 420g or Just Right 460g
$3.75 each
1/2 Price, Save $3.75
Special pricing for this catalogue is only available from Wednesday 3rd September.
Offer valid Wed 3 Sep - Tue 9 Sep 2025
Bar Counter Protein Bar 40g – From the Health Food Aisle
$2.40 each
40% off, Save $1.60
$6 per 100g
Special pricing for this catalogue is only available from Wednesday 3rd September.
Offer valid Wed 3 Sep - Tue 9 Sep 2025
Nice & Natural Whole Seed Bars or Nut Butter Bars 150-175g Pk 5
$3.90 each
40% off, Save $2.60
Special pricing for this catalogue is only available from Wednesday 3rd September.
Offer valid Wed 3 Sep - Tue 9 Sep 2025
Primo Salami Sticks 90g Pk 5
$3.90 each
40% off, Save $2.60
$4.33 per 100g
Special pricing for this catalogue is only available from Wednesday 3rd September.
Offer valid Wed 3 Sep - Tue 9 Sep 2025
Hubbards Muesli or Granola 450g
$4.25 each
1/2 Price, Save $4.25
94¢ per 100g
Special pricing for this catalogue is only available from Wednesday 3rd September.
Offer valid Wed 3 Sep - Tue 9 Sep 2025
Previous
10
11
12
13
14
Next
Offer valid Wed 3 Sep - Tue 9 Sep 2025
» Terms and Conditions
powered by Salefinder.com.au

Back to top
Customer Service
Help & Support
Contact Us
Feedback
Product Safety
Product Recalls
Return Policy
Scam Warning
Shop Groceries Online
View My Account
Pick up
Delivery
Delivery Now
New to Online Shopping?
Shop for your Business
Useful Links
Store Locations & Trading Hours
Everyday Rewards
Recipes & Easy Dinner Ideas
Woolworths Catalogue
Our pricing
Meal Planner
Woolworths Fresh Magazine
Woolworths Apps
About Woolworths
Careers
Why Pick Woolies?
Our Brands
Woolworths Group Privacy Centre
Community
Suppliers
Become an Affiliate
Corporate Responsibility
Our Partners
Connect on Social
Follow us on Instagram, Opens in a new window
Follow us on Facebook, Opens in a new window
Follow us on Pinterest, Opens in a new window
Follow us on Youtube, Opens in a new window
Follow us on Twitter, Opens in a new window
We acknowledge the Traditional Owners and Custodians of Country throughout Australia. We pay our respects to all First Nations peoples and acknowledge Elders past and present.
Read more about our commitment to reconciliation
Woolworths Group aims to create more inclusive access for team members and customers with disabilities.
Website accessibility
New South Wales | Liquor Act 2007: No alcohol can be sold or supplied to anyone under 18. It's against the law.

For all Woolworths Online liquor orders, Woolworths Group is acting as an agent on behalf of Endeavour Group Limited (ABN 77 159 767 843). Pricing (including any 'was' or 'strikethrough' price) displayed on the Woolworths website and app for these liquor products are provided by Endeavour Group and reflects pricing on their BWS website which is set by location. They do not, however, include particular specials, clearances and offers which are exclusive to BWS. For Everyday Market from Woolworths orders involving the sale of liquor, Woolworths Marketplace Pty Limited is acting as an agent on behalf of the relevant Everyday Market partner. Woolworths Online supports the Responsible Service of Alcohol. For liquor licence numbers visit the Liquor and Tobacco Licences page.

If you wish to voluntarily exclude yourself from being able to purchase alcohol from our site, you can find out more at our Alcohol Self Exclusion page.
© Woolworths Group Limited 1997-2025 - All Rights Reserved. Woolworths Group Privacy Policy Woolworths Group Cookies Statement Woolworths Collection Notice Terms & Conditions Accessibility
Feedback

================================================================================

=== PAGE 13 ===
URL: https://www.woolworths.com.au/shop/catalogue/view#view=list&saleId=61091&areaName=QLD&page=13
Scraped at: 2025-09-02T20:46:20.256569

Everyday & Other Services
Lists &
Buy again
Log in or Sign up
My Account
View cart button
$0.00
           
          
           worth
           in total
        
Browse products
Specials & catalogue
undefined
Recipes & ideas
undefined
Get more value
undefined
Ways to shop
undefined
Help
undefined
Shop for business
Stores
Delivery to:
Set your Delivery address
Choose
Select a time:
View available times
Choose Time of Delivery. View available times
Choose
Home  /  Catalogues  /  Weekly Catalogue QLD
Home
Pages
Product List
Categories
Bookmarks
  Health Lab Balls 200g – From the Health Food Aisle
$8.90 each
Save $3.85
$4.45 per 100g
Special pricing for this catalogue is only available from Wednesday 3rd September.
Offer valid Wed 3 Sep - Tue 9 Sep 2025
Muscle Nation Oat Sachets 342g Pk 6
$9.60 each
40% off, Save $6.40
$2.81 per 100g
Special pricing for this catalogue is only available from Wednesday 3rd September.
Offer valid Wed 3 Sep - Tue 9 Sep 2025
Indomie Noodle Cups 70-75g
$1.90 each
Range was $2.20
Special pricing for this catalogue is only available from Wednesday 3rd September.
Offer valid Wed 3 Sep - Tue 9 Sep 2025
Woolworths Fruit in Jelly Cups Pk 4 x 120g
$2.30 each
Range was $2.60
$4.79 per kg
Special pricing for this catalogue is only available from Wednesday 3rd September.
Offer valid Wed 3 Sep - Tue 9 Sep 2025
Remedy Kombucha 4 x 250ml
$6.65 each
Save $2.85
$6.65 per litre
Special pricing for this catalogue is only available from Wednesday 3rd September.
Offer valid Wed 3 Sep - Tue 9 Sep 2025
Morning Made Matcha 50g
$8.00 each
Save $2.00
$16 per 100g
Special pricing for this catalogue is only available from Wednesday 3rd September.
Offer valid Wed 3 Sep - Tue 9 Sep 2025
Vitasoy Unsweetened Oat Milk 1 Litre
$1.65 each
1/2 Price, Save $1.65
$1.65 per litre
Special pricing for this catalogue is only available from Wednesday 3rd September.
Offer valid Wed 3 Sep - Tue 9 Sep 2025
OxyShred Energy Drink 355ml
$2.90 each
40% off, Save $2.00
$8.17 per litre
Special pricing for this catalogue is only available from Wednesday 3rd September.
Offer valid Wed 3 Sep - Tue 9 Sep 2025
Moccona Liquid Sachets Pk 8
$4.30 each
1/2 Price, Save $4.30
54¢ per ea
Special pricing for this catalogue is only available from Wednesday 3rd September.
Offer valid Wed 3 Sep - Tue 9 Sep 2025
Milo Frothy Sachets Pk 8
$4.30 each
1/2 Price, Save $4.30
54¢ per ea
Special pricing for this catalogue is only available from Wednesday 3rd September.
Offer valid Wed 3 Sep - Tue 9 Sep 2025
Nestle Milo Less Sugar 395g or Milo 460g
$7.50 each
Save $3.25
Special pricing for this catalogue is only available from Wednesday 3rd September.
Offer valid Wed 3 Sep - Tue 9 Sep 2025
Grinders Coffee Beans 1 kg
$32.00 each
Save $8.00
$3.20 per 100g
Special pricing for this catalogue is only available from Wednesday 3rd September.
Offer valid Wed 3 Sep - Tue 9 Sep 2025
Previous
11
12
13
14
15
Next
Offer valid Wed 3 Sep - Tue 9 Sep 2025
» Terms and Conditions
powered by Salefinder.com.au

Back to top
Customer Service
Help & Support
Contact Us
Feedback
Product Safety
Product Recalls
Return Policy
Scam Warning
Shop Groceries Online
View My Account
Pick up
Delivery
Delivery Now
New to Online Shopping?
Shop for your Business
Useful Links
Store Locations & Trading Hours
Everyday Rewards
Recipes & Easy Dinner Ideas
Woolworths Catalogue
Our pricing
Meal Planner
Woolworths Fresh Magazine
Woolworths Apps
About Woolworths
Careers
Why Pick Woolies?
Our Brands
Woolworths Group Privacy Centre
Community
Suppliers
Become an Affiliate
Corporate Responsibility
Our Partners
Connect on Social
Follow us on Instagram, Opens in a new window
Follow us on Facebook, Opens in a new window
Follow us on Pinterest, Opens in a new window
Follow us on Youtube, Opens in a new window
Follow us on Twitter, Opens in a new window
We acknowledge the Traditional Owners and Custodians of Country throughout Australia. We pay our respects to all First Nations peoples and acknowledge Elders past and present.
Read more about our commitment to reconciliation
Woolworths Group aims to create more inclusive access for team members and customers with disabilities.
Website accessibility
New South Wales | Liquor Act 2007: No alcohol can be sold or supplied to anyone under 18. It's against the law.

For all Woolworths Online liquor orders, Woolworths Group is acting as an agent on behalf of Endeavour Group Limited (ABN 77 159 767 843). Pricing (including any 'was' or 'strikethrough' price) displayed on the Woolworths website and app for these liquor products are provided by Endeavour Group and reflects pricing on their BWS website which is set by location. They do not, however, include particular specials, clearances and offers which are exclusive to BWS. For Everyday Market from Woolworths orders involving the sale of liquor, Woolworths Marketplace Pty Limited is acting as an agent on behalf of the relevant Everyday Market partner. Woolworths Online supports the Responsible Service of Alcohol. For liquor licence numbers visit the Liquor and Tobacco Licences page.

If you wish to voluntarily exclude yourself from being able to purchase alcohol from our site, you can find out more at our Alcohol Self Exclusion page.
© Woolworths Group Limited 1997-2025 - All Rights Reserved. Woolworths Group Privacy Policy Woolworths Group Cookies Statement Woolworths Collection Notice Terms & Conditions Accessibility
Feedback

================================================================================

=== PAGE 14 ===
URL: https://www.woolworths.com.au/shop/catalogue/view#view=list&saleId=61091&areaName=QLD&page=14
Scraped at: 2025-09-02T20:46:37.322016

Everyday & Other Services
Lists &
Buy again
Log in or Sign up
My Account
View cart button
$0.00
           
          
           worth
           in total
        
Browse products
Specials & catalogue
undefined
Recipes & ideas
undefined
Get more value
undefined
Ways to shop
undefined
Help
undefined
Shop for business
Stores
Delivery to:
Set your Delivery address
Choose
Select a time:
View available times
Choose Time of Delivery. View available times
Choose
Home  /  Catalogues  /  Weekly Catalogue QLD
Home
Pages
Product List
Categories
Bookmarks
  Bonsoy Milk 1 Litre
Everyday Low Price
$4.50 each
$4.50 per litre
Special pricing for this catalogue is only available from Wednesday 3rd September.
Offer valid Wed 3 Sep - Tue 9 Sep 2025
L’OR Coffee Capsules Pk 50
Everyday Low Price
$29.00 each
58¢ per ea
Special pricing for this catalogue is only available from Wednesday 3rd September.
Offer valid Wed 3 Sep - Tue 9 Sep 2025
Greenseas Tuna 95g
$1.35 each
Save $0.35
$14.21 per kg
Special pricing for this catalogue is only available from Wednesday 3rd September.
Offer valid Wed 3 Sep - Tue 9 Sep 2025
Maggi Noodles Cup 58-65g
$1.25 each
1/2 Price, Save $1.25
Special pricing for this catalogue is only available from Wednesday 3rd September.
Offer valid Wed 3 Sep - Tue 9 Sep 2025
Passage to Asia Sauce 200g
$2.65 each
Save $1.15
$1.33 per 100g
Special pricing for this catalogue is only available from Wednesday 3rd September.
Offer valid Wed 3 Sep - Tue 9 Sep 2025
Best Foods Mayonnaise 405g
$3.25 each
1/2 Price, Save $3.25
80¢ per 100g
Special pricing for this catalogue is only available from Wednesday 3rd September.
Offer valid Wed 3 Sep - Tue 9 Sep 2025
Valcom Curry Pastes 210-240g
$3.40 each
Save $0.90
Special pricing for this catalogue is only available from Wednesday 3rd September.
Offer valid Wed 3 Sep - Tue 9 Sep 2025
Barilla Gluten Free Pasta 340g
$3.75 each
Save $0.95
$1.10 per 100g
Special pricing for this catalogue is only available from Wednesday 3rd September.
Offer valid Wed 3 Sep - Tue 9 Sep 2025
SunRice Basmati Classic or Premium Thai Jasmine 1 kg
$5.25 each
Save $2.25
53¢ per 100g
Special pricing for this catalogue is only available from Wednesday 3rd September.
Offer valid Wed 3 Sep - Tue 9 Sep 2025
Capilano Pure Australian Honey Squeeze 500g
$6.80 each
Save $1.80
$1.36 per 100g
Special pricing for this catalogue is only available from Wednesday 3rd September.
Offer valid Wed 3 Sep - Tue 9 Sep 2025
Mission Corn Chips 230g
$4.00 each
Range was $4.50
$1.74 per 100g
Special pricing for this catalogue is only available from Wednesday 3rd September.
Offer valid Wed 3 Sep - Tue 9 Sep 2025
Old El Paso Family Size Kits 560-1040g
$10.80 each
Range was $12.00
Special pricing for this catalogue is only available from Wednesday 3rd September.
Offer valid Wed 3 Sep - Tue 9 Sep 2025
Previous
12
13
14
15
16
Next
Offer valid Wed 3 Sep - Tue 9 Sep 2025
» Terms and Conditions
powered by Salefinder.com.au

Back to top
Customer Service
Help & Support
Contact Us
Feedback
Product Safety
Product Recalls
Return Policy
Scam Warning
Shop Groceries Online
View My Account
Pick up
Delivery
Delivery Now
New to Online Shopping?
Shop for your Business
Useful Links
Store Locations & Trading Hours
Everyday Rewards
Recipes & Easy Dinner Ideas
Woolworths Catalogue
Our pricing
Meal Planner
Woolworths Fresh Magazine
Woolworths Apps
About Woolworths
Careers
Why Pick Woolies?
Our Brands
Woolworths Group Privacy Centre
Community
Suppliers
Become an Affiliate
Corporate Responsibility
Our Partners
Connect on Social
Follow us on Instagram, Opens in a new window
Follow us on Facebook, Opens in a new window
Follow us on Pinterest, Opens in a new window
Follow us on Youtube, Opens in a new window
Follow us on Twitter, Opens in a new window
We acknowledge the Traditional Owners and Custodians of Country throughout Australia. We pay our respects to all First Nations peoples and acknowledge Elders past and present.
Read more about our commitment to reconciliation
Woolworths Group aims to create more inclusive access for team members and customers with disabilities.
Website accessibility
New South Wales | Liquor Act 2007: No alcohol can be sold or supplied to anyone under 18. It's against the law.

For all Woolworths Online liquor orders, Woolworths Group is acting as an agent on behalf of Endeavour Group Limited (ABN 77 159 767 843). Pricing (including any 'was' or 'strikethrough' price) displayed on the Woolworths website and app for these liquor products are provided by Endeavour Group and reflects pricing on their BWS website which is set by location. They do not, however, include particular specials, clearances and offers which are exclusive to BWS. For Everyday Market from Woolworths orders involving the sale of liquor, Woolworths Marketplace Pty Limited is acting as an agent on behalf of the relevant Everyday Market partner. Woolworths Online supports the Responsible Service of Alcohol. For liquor licence numbers visit the Liquor and Tobacco Licences page.

If you wish to voluntarily exclude yourself from being able to purchase alcohol from our site, you can find out more at our Alcohol Self Exclusion page.
© Woolworths Group Limited 1997-2025 - All Rights Reserved. Woolworths Group Privacy Policy Woolworths Group Cookies Statement Woolworths Collection Notice Terms & Conditions Accessibility
Feedback

================================================================================

=== PAGE 15 ===
URL: https://www.woolworths.com.au/shop/catalogue/view#view=list&saleId=61091&areaName=QLD&page=15
Scraped at: 2025-09-02T20:46:54.395507

Everyday & Other Services
Lists &
Buy again
Log in or Sign up
My Account
View cart button
$0.00
           
          
           worth
           in total
        
Browse products
Specials & catalogue
undefined
Recipes & ideas
undefined
Get more value
undefined
Ways to shop
undefined
Help
undefined
Shop for business
Stores
Delivery to:
Set your Delivery address
Choose
Select a time:
View available times
Choose Time of Delivery. View available times
Choose
Home  /  Catalogues  /  Weekly Catalogue QLD
Home
Pages
Product List
Categories
Bookmarks
  Blackmores Glucosamine Sulfate 1500 Tablets Pk 90†
$20.00 each
1/2 Price, Save $20.00
$22.22 per 100 ea
Special pricing for this catalogue is only available from Wednesday 3rd September.
Offer valid Wed 3 Sep - Tue 9 Sep 2025
Blackmores Fish Oil 1000mg Omega-3 Capsules Pk 200†
$20.00 each
1/2 Price, Save $20.00
$10 per 100 ea
Special pricing for this catalogue is only available from Wednesday 3rd September.
Offer valid Wed 3 Sep - Tue 9 Sep 2025
Blackmores Vitamin D3 1000IU Tablets Pk 130†
$12.50 each
1/2 Price, Save $12.50
$9.62 per 100 ea
Special pricing for this catalogue is only available from Wednesday 3rd September.
Offer valid Wed 3 Sep - Tue 9 Sep 2025
Blackmores Odourless Fish Oil 1000mg Omega-3 Capsules Pk 400†
$35.00 each
1/2 Price, Save $35.00
$8.75 per 100 ea
Special pricing for this catalogue is only available from Wednesday 3rd September.
Offer valid Wed 3 Sep - Tue 9 Sep 2025
Musashi High Protein Powder 900g^
$52.50 each
30% off, Save $22.50
$5.83 per 100g
Special pricing for this catalogue is only available from Wednesday 3rd September.
Offer valid Wed 3 Sep - Tue 9 Sep 2025
Musashi Creatine Unflavoured 350g^
$31.50 each
30% off, Save $13.50
$9 per 100g
Special pricing for this catalogue is only available from Wednesday 3rd September.
Offer valid Wed 3 Sep - Tue 9 Sep 2025
Musashi Shred & Burn Drink 375ml^
$3.85 each
30% off, Save $1.65
$10.27 per litre
Special pricing for this catalogue is only available from Wednesday 3rd September.
Offer valid Wed 3 Sep - Tue 9 Sep 2025
Musashi Protein Crisp Bar 60g^
$3.40 each
30% off, Save $1.50
$5.67 per 100g
Special pricing for this catalogue is only available from Wednesday 3rd September.
Offer valid Wed 3 Sep - Tue 9 Sep 2025
Bonds Zippy Wondersuit Assorted Pk 1
$13.00 each
1/2 Price, Save $13.00
Special pricing for this catalogue is only available from Wednesday 3rd September.
Offer valid Wed 3 Sep - Tue 9 Sep 2025
Huggies Ultra Dry Nappy Pants Pk 48-62
$29.00 each
Save $10.00
Special pricing for this catalogue is only available from Wednesday 3rd September.
Offer valid Wed 3 Sep - Tue 9 Sep 2025
Rafferty’s Garden Baby Food Pouches 120g – Excludes Little Smoothies & Veggie Patch 120g
$1.85 each
Save $0.45
$1.54 per 100g
Special pricing for this catalogue is only available from Wednesday 3rd September.
Offer valid Wed 3 Sep - Tue 9 Sep 2025
Baby Mum-Mum Rice Rusks 36g
$2.30 each
40% off, Save $1.55
$6.39 per 100g
Special pricing for this catalogue is only available from Wednesday 3rd September.
Offer valid Wed 3 Sep - Tue 9 Sep 2025
Previous
13
14
15
16
17
Next
Offer valid Wed 3 Sep - Tue 9 Sep 2025
» Terms and Conditions
powered by Salefinder.com.au

Back to top
Customer Service
Help & Support
Contact Us
Feedback
Product Safety
Product Recalls
Return Policy
Scam Warning
Shop Groceries Online
View My Account
Pick up
Delivery
Delivery Now
New to Online Shopping?
Shop for your Business
Useful Links
Store Locations & Trading Hours
Everyday Rewards
Recipes & Easy Dinner Ideas
Woolworths Catalogue
Our pricing
Meal Planner
Woolworths Fresh Magazine
Woolworths Apps
About Woolworths
Careers
Why Pick Woolies?
Our Brands
Woolworths Group Privacy Centre
Community
Suppliers
Become an Affiliate
Corporate Responsibility
Our Partners
Connect on Social
Follow us on Instagram, Opens in a new window
Follow us on Facebook, Opens in a new window
Follow us on Pinterest, Opens in a new window
Follow us on Youtube, Opens in a new window
Follow us on Twitter, Opens in a new window
We acknowledge the Traditional Owners and Custodians of Country throughout Australia. We pay our respects to all First Nations peoples and acknowledge Elders past and present.
Read more about our commitment to reconciliation
Woolworths Group aims to create more inclusive access for team members and customers with disabilities.
Website accessibility
New South Wales | Liquor Act 2007: No alcohol can be sold or supplied to anyone under 18. It's against the law.

For all Woolworths Online liquor orders, Woolworths Group is acting as an agent on behalf of Endeavour Group Limited (ABN 77 159 767 843). Pricing (including any 'was' or 'strikethrough' price) displayed on the Woolworths website and app for these liquor products are provided by Endeavour Group and reflects pricing on their BWS website which is set by location. They do not, however, include particular specials, clearances and offers which are exclusive to BWS. For Everyday Market from Woolworths orders involving the sale of liquor, Woolworths Marketplace Pty Limited is acting as an agent on behalf of the relevant Everyday Market partner. Woolworths Online supports the Responsible Service of Alcohol. For liquor licence numbers visit the Liquor and Tobacco Licences page.

If you wish to voluntarily exclude yourself from being able to purchase alcohol from our site, you can find out more at our Alcohol Self Exclusion page.
© Woolworths Group Limited 1997-2025 - All Rights Reserved. Woolworths Group Privacy Policy Woolworths Group Cookies Statement Woolworths Collection Notice Terms & Conditions Accessibility
Feedback

================================================================================

=== PAGE 16 ===
URL: https://www.woolworths.com.au/shop/catalogue/view#view=list&saleId=61091&areaName=QLD&page=16
Scraped at: 2025-09-02T20:47:11.456954

Everyday & Other Services
Lists &
Buy again
Log in or Sign up
My Account
View cart button
$0.00
           
          
           worth
           in total
        
Browse products
Specials & catalogue
undefined
Recipes & ideas
undefined
Get more value
undefined
Ways to shop
undefined
Help
undefined
Shop for business
Stores
Delivery to:
Set your Delivery address
Choose
Select a time:
View available times
Choose Time of Delivery. View available times
Choose
Home  /  Catalogues  /  Weekly Catalogue QLD
Home
Pages
Product List
Categories
Bookmarks
  Gaia Natural Baby Hair & Body Wash 500ml
$11.00 each
Save $6.00
$2.20 per 100ml
Special pricing for this catalogue is only available from Wednesday 3rd September.
Offer valid Wed 3 Sep - Tue 9 Sep 2025
TENA Men’s Active Fit Pants Plus Pk 8-9
$11.20 each
Save $4.80
Special pricing for this catalogue is only available from Wednesday 3rd September.
Offer valid Wed 3 Sep - Tue 9 Sep 2025
Nivea Roll On 72h Deodorant 50ml
$2.50 each
1/2 Price, Save $2.50
$5 per 100ml
Special pricing for this catalogue is only available from Wednesday 3rd September.
Offer valid Wed 3 Sep - Tue 9 Sep 2025
Nivea Aerosol 72h Antiperspirant Deodorant 250ml
$4.75 each
1/2 Price, Save $4.75
$1.90 per 100ml
Special pricing for this catalogue is only available from Wednesday 3rd September.
Offer valid Wed 3 Sep - Tue 9 Sep 2025
Nivea Micellar Water 400ml
$7.50 each
1/2 Price, Save $7.50
$1.88 per 100ml
Special pricing for this catalogue is only available from Wednesday 3rd September.
Offer valid Wed 3 Sep - Tue 9 Sep 2025
Nivea Sun UV Face Sensitive SPF50 50mlΔ
$9.00 each
1/2 Price, Save $9.00
$18 per 100ml
Special pricing for this catalogue is only available from Wednesday 3rd September.
Offer valid Wed 3 Sep - Tue 9 Sep 2025
Palmolive Foaming Hand Wash Refill 1 Litre
$4.50 each
1/2 Price, Save $4.50
45¢ per 100ml
Special pricing for this catalogue is only available from Wednesday 3rd September.
Offer valid Wed 3 Sep - Tue 9 Sep 2025
Palmolive Shower Gel 500ml
$3.75 each
1/2 Price, Save $3.75
75¢ per 100ml
Special pricing for this catalogue is only available from Wednesday 3rd September.
Offer valid Wed 3 Sep - Tue 9 Sep 2025
Glow Lab Body Wash 900ml
$9.00 each
1/2 Price, Save $9.00
$1 per 100ml
Special pricing for this catalogue is only available from Wednesday 3rd September.
Offer valid Wed 3 Sep - Tue 9 Sep 2025
Glow Lab Shampoo or Conditioner 600ml
$10.00 each
1/2 Price, Save $10.00
$1.67 per 100ml
Special pricing for this catalogue is only available from Wednesday 3rd September.
Offer valid Wed 3 Sep - Tue 9 Sep 2025
Dove Bar Soap Pk 4 x 90g
$5.70 each
40% off, Save $3.80
$1.58 per 100g
Special pricing for this catalogue is only available from Wednesday 3rd September.
Offer valid Wed 3 Sep - Tue 9 Sep 2025
Colgate Advanced Whitening Tartar Control Toothpaste 200g
$5.00 each
40% off, Save $5.00
$2.50 per 100g
Special pricing for this catalogue is only available from Wednesday 3rd September.
Offer valid Wed 3 Sep - Tue 9 Sep 2025
Previous
14
15
16
17
18
Next
Offer valid Wed 3 Sep - Tue 9 Sep 2025
» Terms and Conditions
powered by Salefinder.com.au

Back to top
Customer Service
Help & Support
Contact Us
Feedback
Product Safety
Product Recalls
Return Policy
Scam Warning
Shop Groceries Online
View My Account
Pick up
Delivery
Delivery Now
New to Online Shopping?
Shop for your Business
Useful Links
Store Locations & Trading Hours
Everyday Rewards
Recipes & Easy Dinner Ideas
Woolworths Catalogue
Our pricing
Meal Planner
Woolworths Fresh Magazine
Woolworths Apps
About Woolworths
Careers
Why Pick Woolies?
Our Brands
Woolworths Group Privacy Centre
Community
Suppliers
Become an Affiliate
Corporate Responsibility
Our Partners
Connect on Social
Follow us on Instagram, Opens in a new window
Follow us on Facebook, Opens in a new window
Follow us on Pinterest, Opens in a new window
Follow us on Youtube, Opens in a new window
Follow us on Twitter, Opens in a new window
We acknowledge the Traditional Owners and Custodians of Country throughout Australia. We pay our respects to all First Nations peoples and acknowledge Elders past and present.
Read more about our commitment to reconciliation
Woolworths Group aims to create more inclusive access for team members and customers with disabilities.
Website accessibility
New South Wales | Liquor Act 2007: No alcohol can be sold or supplied to anyone under 18. It's against the law.

For all Woolworths Online liquor orders, Woolworths Group is acting as an agent on behalf of Endeavour Group Limited (ABN 77 159 767 843). Pricing (including any 'was' or 'strikethrough' price) displayed on the Woolworths website and app for these liquor products are provided by Endeavour Group and reflects pricing on their BWS website which is set by location. They do not, however, include particular specials, clearances and offers which are exclusive to BWS. For Everyday Market from Woolworths orders involving the sale of liquor, Woolworths Marketplace Pty Limited is acting as an agent on behalf of the relevant Everyday Market partner. Woolworths Online supports the Responsible Service of Alcohol. For liquor licence numbers visit the Liquor and Tobacco Licences page.

If you wish to voluntarily exclude yourself from being able to purchase alcohol from our site, you can find out more at our Alcohol Self Exclusion page.
© Woolworths Group Limited 1997-2025 - All Rights Reserved. Woolworths Group Privacy Policy Woolworths Group Cookies Statement Woolworths Collection Notice Terms & Conditions Accessibility
Feedback

================================================================================

=== PAGE 17 ===
URL: https://www.woolworths.com.au/shop/catalogue/view#view=list&saleId=61091&areaName=QLD&page=17
Scraped at: 2025-09-02T20:47:28.523782

Everyday & Other Services
Lists &
Buy again
Log in or Sign up
My Account
View cart button
$0.00
           
          
           worth
           in total
        
Browse products
Specials & catalogue
undefined
Recipes & ideas
undefined
Get more value
undefined
Ways to shop
undefined
Help
undefined
Shop for business
Stores
Delivery to:
Set your Delivery address
Choose
Select a time:
View available times
Choose Time of Delivery. View available times
Choose
Home  /  Catalogues  /  Weekly Catalogue QLD
Home
Pages
Product List
Categories
Bookmarks
  Revlon Illuminance Glow Wand 12ml
$18.00 each
40% off, Save $12.00
$15 per 10ml
Special pricing for this catalogue is only available from Wednesday 3rd September.
Offer valid Wed 3 Sep - Tue 9 Sep 2025
Lady Jayne Detangler Brush Large
$10.80 each
40% off, Save $7.20
$10.80 per ea
Special pricing for this catalogue is only available from Wednesday 3rd September.
Offer valid Wed 3 Sep - Tue 9 Sep 2025
TRESemme Shampoo or Conditioner 940ml
$11.00 each
40% off, Save $7.50
$1.17 per 100ml
Special pricing for this catalogue is only available from Wednesday 3rd September.
Offer valid Wed 3 Sep - Tue 9 Sep 2025
Pantene Shampoo or Conditioner 900ml
$10.00 each
1/2 Price, Save $10.00
$1.11 per 100ml
Special pricing for this catalogue is only available from Wednesday 3rd September.
Offer valid Wed 3 Sep - Tue 9 Sep 2025
OGX Shampoo or Conditioner 385ml
$13.80 each
40% off, Save $9.20
$3.58 per 100ml
Special pricing for this catalogue is only available from Wednesday 3rd September.
Offer valid Wed 3 Sep - Tue 9 Sep 2025
Schwarzkopf Brilliance Permanent Hair Colour
$15.60 each
40% off, Save $10.40
$15.60 per ea
Special pricing for this catalogue is only available from Wednesday 3rd September.
Offer valid Wed 3 Sep - Tue 9 Sep 2025
L’Oreal Excellence Permanent Hair Colour
$16.20 each
40% off, Save $10.80
Special pricing for this catalogue is only available from Wednesday 3rd September.
Offer valid Wed 3 Sep - Tue 9 Sep 2025
U by Kotex Designer Series Protect Liners Pk 30
$2.90 each
30% off, Save $1.30
10¢ per ea
Special pricing for this catalogue is only available from Wednesday 3rd September.
Offer valid Wed 3 Sep - Tue 9 Sep 2025
U by Kotex Ultrathin Pads Regular with Wings Pk 14 or Tampons Regular Pk 16~
$3.50 each
30% off, Save $1.50
Special pricing for this catalogue is only available from Wednesday 3rd September.
Offer valid Wed 3 Sep - Tue 9 Sep 2025
Kleenex Flushable Wipes Sensitive Pk 36
$1.70 each
1/2 Price, Save $1.70
$4.72 per 100 sheets
Special pricing for this catalogue is only available from Wednesday 3rd September.
Offer valid Wed 3 Sep - Tue 9 Sep 2025
Domestos Multipurpose Bleach 1.25 Litre
$3.30 each
1/2 Price, Save $3.30
26¢ per 100ml
Special pricing for this catalogue is only available from Wednesday 3rd September.
Offer valid Wed 3 Sep - Tue 9 Sep 2025
Kleenex Complete Clean Toilet Paper Pk 9
$4.50 each
1/2 Price, Save $4.50
28¢ per 100 sheets
Special pricing for this catalogue is only available from Wednesday 3rd September.
Offer valid Wed 3 Sep - Tue 9 Sep 2025
Previous
15
16
17
18
19
Next
Offer valid Wed 3 Sep - Tue 9 Sep 2025
» Terms and Conditions
powered by Salefinder.com.au

Back to top
Customer Service
Help & Support
Contact Us
Feedback
Product Safety
Product Recalls
Return Policy
Scam Warning
Shop Groceries Online
View My Account
Pick up
Delivery
Delivery Now
New to Online Shopping?
Shop for your Business
Useful Links
Store Locations & Trading Hours
Everyday Rewards
Recipes & Easy Dinner Ideas
Woolworths Catalogue
Our pricing
Meal Planner
Woolworths Fresh Magazine
Woolworths Apps
About Woolworths
Careers
Why Pick Woolies?
Our Brands
Woolworths Group Privacy Centre
Community
Suppliers
Become an Affiliate
Corporate Responsibility
Our Partners
Connect on Social
Follow us on Instagram, Opens in a new window
Follow us on Facebook, Opens in a new window
Follow us on Pinterest, Opens in a new window
Follow us on Youtube, Opens in a new window
Follow us on Twitter, Opens in a new window
We acknowledge the Traditional Owners and Custodians of Country throughout Australia. We pay our respects to all First Nations peoples and acknowledge Elders past and present.
Read more about our commitment to reconciliation
Woolworths Group aims to create more inclusive access for team members and customers with disabilities.
Website accessibility
New South Wales | Liquor Act 2007: No alcohol can be sold or supplied to anyone under 18. It's against the law.

For all Woolworths Online liquor orders, Woolworths Group is acting as an agent on behalf of Endeavour Group Limited (ABN 77 159 767 843). Pricing (including any 'was' or 'strikethrough' price) displayed on the Woolworths website and app for these liquor products are provided by Endeavour Group and reflects pricing on their BWS website which is set by location. They do not, however, include particular specials, clearances and offers which are exclusive to BWS. For Everyday Market from Woolworths orders involving the sale of liquor, Woolworths Marketplace Pty Limited is acting as an agent on behalf of the relevant Everyday Market partner. Woolworths Online supports the Responsible Service of Alcohol. For liquor licence numbers visit the Liquor and Tobacco Licences page.

If you wish to voluntarily exclude yourself from being able to purchase alcohol from our site, you can find out more at our Alcohol Self Exclusion page.
© Woolworths Group Limited 1997-2025 - All Rights Reserved. Woolworths Group Privacy Policy Woolworths Group Cookies Statement Woolworths Collection Notice Terms & Conditions Accessibility
Feedback

================================================================================

=== PAGE 18 ===
URL: https://www.woolworths.com.au/shop/catalogue/view#view=list&saleId=61091&areaName=QLD&page=18
Scraped at: 2025-09-02T20:47:45.592475

Everyday & Other Services
Lists &
Buy again
Log in or Sign up
My Account
View cart button
$0.00
           
          
           worth
           in total
        
Browse products
Specials & catalogue
undefined
Recipes & ideas
undefined
Get more value
undefined
Ways to shop
undefined
Help
undefined
Shop for business
Stores
Delivery to:
Set your Delivery address
Choose
Select a time:
View available times
Choose Time of Delivery. View available times
Choose
Home  /  Catalogues  /  Weekly Catalogue QLD
Home
Pages
Product List
Categories
Bookmarks
  Pine O Cleen Disinfectant Wipes Pk 110
$6.00 each
1/2 Price, Save $6.00
5¢ per ea
Special pricing for this catalogue is only available from Wednesday 3rd September.
Offer valid Wed 3 Sep - Tue 9 Sep 2025
Radiant Advanced Laundry Liquid 1.8 Litre or Powder 1.8 kg
$11.00 each
1/2 Price, Save $11.00
$6.11 per litre/kg
Special pricing for this catalogue is only available from Wednesday 3rd September.
Offer valid Wed 3 Sep - Tue 9 Sep 2025
Canesten Laundry Sanitiser 2 Litre
$11.25 each
1/2 Price, Save $11.25
$5.63 per litre
Special pricing for this catalogue is only available from Wednesday 3rd September.
Offer valid Wed 3 Sep - Tue 9 Sep 2025
Energizer Max Batteries AA or AAA Pk 16
$13.75 each
1/2 Price, Save $13.75
86¢ per ea
Special pricing for this catalogue is only available from Wednesday 3rd September.
Offer valid Wed 3 Sep - Tue 9 Sep 2025
Dynamo Professional Laundry Liquid 2 Litre
$14.50 each
1/2 Price, Save $14.50
$7.25 per litre
Special pricing for this catalogue is only available from Wednesday 3rd September.
Offer valid Wed 3 Sep - Tue 9 Sep 2025
Finish Ultimate Plus Dishwasher Tablets Pk 72
$36.50 each
1/2 Price, Save $36.50
51¢ per ea
Special pricing for this catalogue is only available from Wednesday 3rd September.
Offer valid Wed 3 Sep - Tue 9 Sep 2025
Undo This Mess Laundry Sheets Pk 60
$8.00 each
1/2 Price, Save $8.00
13¢ per ea
Special pricing for this catalogue is only available from Wednesday 3rd September.
Offer valid Wed 3 Sep - Tue 9 Sep 2025
Undo This Mess Laundry Liquid 2 Litre
$9.00 each
1/2 Price, Save $9.00
$4.50 per litre
Special pricing for this catalogue is only available from Wednesday 3rd September.
Offer valid Wed 3 Sep - Tue 9 Sep 2025
Undo This Mess Dishwasher Tablets Pk 48
$10.00 each
1/2 Price, Save $10.00
21¢ per ea
Special pricing for this catalogue is only available from Wednesday 3rd September.
Offer valid Wed 3 Sep - Tue 9 Sep 2025
Brunnings Rose Spray Ready To Use 1 Litre
$5.00 each
1/2 Price, Save $5.00
50¢ per 100ml
Special pricing for this catalogue is only available from Wednesday 3rd September.
Offer valid Wed 3 Sep - Tue 9 Sep 2025
Brunnings Pine Bark or Potting Mix 25 Litre
$4.25 each
1/2 Price, Save $4.25
17¢ per litre
Special pricing for this catalogue is only available from Wednesday 3rd September.
Offer valid Wed 3 Sep - Tue 9 Sep 2025
Armor All Ultra Shine Car Wash & Wax 1 Litre
$6.25 each
1/2 Price, Save $6.25
63¢ per 100ml
Special pricing for this catalogue is only available from Wednesday 3rd September.
Offer valid Wed 3 Sep - Tue 9 Sep 2025
Previous
16
17
18
19
20
Next
Offer valid Wed 3 Sep - Tue 9 Sep 2025
» Terms and Conditions
powered by Salefinder.com.au

Back to top
Customer Service
Help & Support
Contact Us
Feedback
Product Safety
Product Recalls
Return Policy
Scam Warning
Shop Groceries Online
View My Account
Pick up
Delivery
Delivery Now
New to Online Shopping?
Shop for your Business
Useful Links
Store Locations & Trading Hours
Everyday Rewards
Recipes & Easy Dinner Ideas
Woolworths Catalogue
Our pricing
Meal Planner
Woolworths Fresh Magazine
Woolworths Apps
About Woolworths
Careers
Why Pick Woolies?
Our Brands
Woolworths Group Privacy Centre
Community
Suppliers
Become an Affiliate
Corporate Responsibility
Our Partners
Connect on Social
Follow us on Instagram, Opens in a new window
Follow us on Facebook, Opens in a new window
Follow us on Pinterest, Opens in a new window
Follow us on Youtube, Opens in a new window
Follow us on Twitter, Opens in a new window
We acknowledge the Traditional Owners and Custodians of Country throughout Australia. We pay our respects to all First Nations peoples and acknowledge Elders past and present.
Read more about our commitment to reconciliation
Woolworths Group aims to create more inclusive access for team members and customers with disabilities.
Website accessibility
New South Wales | Liquor Act 2007: No alcohol can be sold or supplied to anyone under 18. It's against the law.

For all Woolworths Online liquor orders, Woolworths Group is acting as an agent on behalf of Endeavour Group Limited (ABN 77 159 767 843). Pricing (including any 'was' or 'strikethrough' price) displayed on the Woolworths website and app for these liquor products are provided by Endeavour Group and reflects pricing on their BWS website which is set by location. They do not, however, include particular specials, clearances and offers which are exclusive to BWS. For Everyday Market from Woolworths orders involving the sale of liquor, Woolworths Marketplace Pty Limited is acting as an agent on behalf of the relevant Everyday Market partner. Woolworths Online supports the Responsible Service of Alcohol. For liquor licence numbers visit the Liquor and Tobacco Licences page.

If you wish to voluntarily exclude yourself from being able to purchase alcohol from our site, you can find out more at our Alcohol Self Exclusion page.
© Woolworths Group Limited 1997-2025 - All Rights Reserved. Woolworths Group Privacy Policy Woolworths Group Cookies Statement Woolworths Collection Notice Terms & Conditions Accessibility
Feedback

================================================================================

=== PAGE 19 ===
URL: https://www.woolworths.com.au/shop/catalogue/view#view=list&saleId=61091&areaName=QLD&page=19
Scraped at: 2025-09-02T20:48:02.653686

Everyday & Other Services
Lists &
Buy again
Log in or Sign up
My Account
View cart button
$0.00
           
          
           worth
           in total
        
Browse products
Specials & catalogue
undefined
Recipes & ideas
undefined
Get more value
undefined
Ways to shop
undefined
Help
undefined
Shop for business
Stores
Delivery to:
Set your Delivery address
Choose
Select a time:
View available times
Choose Time of Delivery. View available times
Choose
Home  /  Catalogues  /  Weekly Catalogue QLD
Home
Pages
Product List
Categories
Bookmarks
  Armor All Cleaning Wipes Pk 30
$9.00 each
1/2 Price, Save $9.00
30¢ per ea
Special pricing for this catalogue is only available from Wednesday 3rd September.
Offer valid Wed 3 Sep - Tue 9 Sep 2025
Seasol Seaweed Concentrate 600ml
$7.45 each
Save $3.20
$1.24 per 100ml
Special pricing for this catalogue is only available from Wednesday 3rd September.
Offer valid Wed 3 Sep - Tue 9 Sep 2025
Yates Weed ‘n’ Feed 2 Litre
$11.50 each
Save $3.90
58¢ per 100ml
Special pricing for this catalogue is only available from Wednesday 3rd September.
Offer valid Wed 3 Sep - Tue 9 Sep 2025
Vileda Easy Wring & Clean Spin Mop & Bucket Set
$46.00 each
Save $11.50
Special pricing for this catalogue is only available from Wednesday 3rd September.
Offer valid Wed 3 Sep - Tue 9 Sep 2025
Brunnings Weed Kill Concentrate 1 Litre
$10.00 each
1/2 Price, Save $10.00
$1 per 100ml
Special pricing for this catalogue is only available from Wednesday 3rd September.
Offer valid Wed 3 Sep - Tue 9 Sep 2025
Decor Design Series Oblong Pantry Storage 920ml
$6.00 each
1/2 Price, Save $6.00
Special pricing for this catalogue is only available from Wednesday 3rd September.
Offer valid Wed 3 Sep - Tue 9 Sep 2025
Decor Design Series Oblong Pantry Storage 2 Litre
$9.50 each
1/2 Price, Save $9.50
Special pricing for this catalogue is only available from Wednesday 3rd September.
Offer valid Wed 3 Sep - Tue 9 Sep 2025
Fussy Cat Wet Cat Food Pk 12 x 80g
$8.10 each
40% off, Save $5.40
84¢ per 100g
Special pricing for this catalogue is only available from Wednesday 3rd September.
Offer valid Wed 3 Sep - Tue 9 Sep 2025
Temptations Cat Treats 180g
$5.00 each
1/2 Price, Save $5.00
$2.78 per 100g
Special pricing for this catalogue is only available from Wednesday 3rd September.
Offer valid Wed 3 Sep - Tue 9 Sep 2025
Schmackos Strapz Dog Treats 500g
$8.50 each
1/2 Price, Save $8.50
$1.70 per 100g
Special pricing for this catalogue is only available from Wednesday 3rd September.
Offer valid Wed 3 Sep - Tue 9 Sep 2025
Dine Desire Wet Cat Food 85g
$1.75 each
Save $0.75
$2.06 per 100g
Special pricing for this catalogue is only available from Wednesday 3rd September.
Offer valid Wed 3 Sep - Tue 9 Sep 2025
Bow Wow Beef + Roo Roll Dog Treat Pk 1
$2.45 each
Save $1.05
$2.45 per ea
Special pricing for this catalogue is only available from Wednesday 3rd September.
Offer valid Wed 3 Sep - Tue 9 Sep 2025
Previous
17
18
19
20
21
Next
Offer valid Wed 3 Sep - Tue 9 Sep 2025
» Terms and Conditions
powered by Salefinder.com.au

Back to top
Customer Service
Help & Support
Contact Us
Feedback
Product Safety
Product Recalls
Return Policy
Scam Warning
Shop Groceries Online
View My Account
Pick up
Delivery
Delivery Now
New to Online Shopping?
Shop for your Business
Useful Links
Store Locations & Trading Hours
Everyday Rewards
Recipes & Easy Dinner Ideas
Woolworths Catalogue
Our pricing
Meal Planner
Woolworths Fresh Magazine
Woolworths Apps
About Woolworths
Careers
Why Pick Woolies?
Our Brands
Woolworths Group Privacy Centre
Community
Suppliers
Become an Affiliate
Corporate Responsibility
Our Partners
Connect on Social
Follow us on Instagram, Opens in a new window
Follow us on Facebook, Opens in a new window
Follow us on Pinterest, Opens in a new window
Follow us on Youtube, Opens in a new window
Follow us on Twitter, Opens in a new window
We acknowledge the Traditional Owners and Custodians of Country throughout Australia. We pay our respects to all First Nations peoples and acknowledge Elders past and present.
Read more about our commitment to reconciliation
Woolworths Group aims to create more inclusive access for team members and customers with disabilities.
Website accessibility
New South Wales | Liquor Act 2007: No alcohol can be sold or supplied to anyone under 18. It's against the law.

For all Woolworths Online liquor orders, Woolworths Group is acting as an agent on behalf of Endeavour Group Limited (ABN 77 159 767 843). Pricing (including any 'was' or 'strikethrough' price) displayed on the Woolworths website and app for these liquor products are provided by Endeavour Group and reflects pricing on their BWS website which is set by location. They do not, however, include particular specials, clearances and offers which are exclusive to BWS. For Everyday Market from Woolworths orders involving the sale of liquor, Woolworths Marketplace Pty Limited is acting as an agent on behalf of the relevant Everyday Market partner. Woolworths Online supports the Responsible Service of Alcohol. For liquor licence numbers visit the Liquor and Tobacco Licences page.

If you wish to voluntarily exclude yourself from being able to purchase alcohol from our site, you can find out more at our Alcohol Self Exclusion page.
© Woolworths Group Limited 1997-2025 - All Rights Reserved. Woolworths Group Privacy Policy Woolworths Group Cookies Statement Woolworths Collection Notice Terms & Conditions Accessibility
Feedback

================================================================================

=== PAGE 20 ===
URL: https://www.woolworths.com.au/shop/catalogue/view#view=list&saleId=61091&areaName=QLD&page=20
Scraped at: 2025-09-02T20:48:19.715823

Everyday & Other Services
Lists &
Buy again
Log in or Sign up
My Account
View cart button
$0.00
           
          
           worth
           in total
        
Browse products
Specials & catalogue
undefined
Recipes & ideas
undefined
Get more value
undefined
Ways to shop
undefined
Help
undefined
Shop for business
Stores
Delivery to:
Set your Delivery address
Choose
Select a time:
View available times
Choose Time of Delivery. View available times
Choose
Home  /  Catalogues  /  Weekly Catalogue QLD
Home
Pages
Product List
Categories
Bookmarks
  Dine Creamy Cat Treats Pk 4 x 12g
$2.50 each
Save $1.50
$5.21 per 100g
Special pricing for this catalogue is only available from Wednesday 3rd September.
Offer valid Wed 3 Sep - Tue 9 Sep 2025
True Blue Dog Treats 50g or Pk 3-7
$7.00 each
Save $3.00
Special pricing for this catalogue is only available from Wednesday 3rd September.
Offer valid Wed 3 Sep - Tue 9 Sep 2025
Whiskas Dry Cat Food 800g
$4.50 each
Save $2.50
56¢ per 100g
Special pricing for this catalogue is only available from Wednesday 3rd September.
Offer valid Wed 3 Sep - Tue 9 Sep 2025
Supercoat Dry Dog Food 6.7-7 kg
$24.00 each
Save $12.00
Special pricing for this catalogue is only available from Wednesday 3rd September.
Offer valid Wed 3 Sep - Tue 9 Sep 2025
The Paw Grocer Air Dried Dog Treats 100g
$4.70 each
40% off, Save $3.20
$4.70 per 100g
Special pricing for this catalogue is only available from Wednesday 3rd September.
Offer valid Wed 3 Sep - Tue 9 Sep 2025
Nature’s Gift Wet Dog Food Pk 6 x 100g
$5.00 each
40% off, Save $3.50
83¢ per 100g
Special pricing for this catalogue is only available from Wednesday 3rd September.
Offer valid Wed 3 Sep - Tue 9 Sep 2025
Fancy Feast Inspirations Pk 12 x 70g
$11.40 each
40% off, Save $7.60
$1.36 per 100g
Special pricing for this catalogue is only available from Wednesday 3rd September.
Offer valid Wed 3 Sep - Tue 9 Sep 2025
Fussy Cat Grain Free Dry Cat Food 2.5kg
$15.90 each
40% off, Save $10.60
64¢ per 100g
Special pricing for this catalogue is only available from Wednesday 3rd September.
Offer valid Wed 3 Sep - Tue 9 Sep 2025
Dine Wet Cat Food Pk 7 x 85g
$6.00 each
40% off, Save $4.00
$1.01 per 100g
Special pricing for this catalogue is only available from Wednesday 3rd September.
Offer valid Wed 3 Sep - Tue 9 Sep 2025
Gippsland Dairy Twist Yoghurt 160g – From the Fridge
$1.50 each
1/2 Price, Save $1.50
94¢ per 100g
Special pricing for this catalogue is only available from Wednesday 3rd September.
Offer valid Wed 3 Sep - Tue 9 Sep 2025
Huggies Baby Wipes Pk 80
$2.50 each
1/2 Price, Save $2.50
$3.13 per 100 ea
Special pricing for this catalogue is only available from Wednesday 3rd September.
Offer valid Wed 3 Sep - Tue 9 Sep 2025
Sanitarium UP&GO Energize or UP&GO Breakfast Drink 3 x 250ml
$3.40 each
1/2 Price, Save $3.40
$4.53 per litre
Special pricing for this catalogue is only available from Wednesday 3rd September.
Offer valid Wed 3 Sep - Tue 9 Sep 2025
Previous
18
19
20
21
22
Next
Offer valid Wed 3 Sep - Tue 9 Sep 2025
» Terms and Conditions
powered by Salefinder.com.au

Back to top
Customer Service
Help & Support
Contact Us
Feedback
Product Safety
Product Recalls
Return Policy
Scam Warning
Shop Groceries Online
View My Account
Pick up
Delivery
Delivery Now
New to Online Shopping?
Shop for your Business
Useful Links
Store Locations & Trading Hours
Everyday Rewards
Recipes & Easy Dinner Ideas
Woolworths Catalogue
Our pricing
Meal Planner
Woolworths Fresh Magazine
Woolworths Apps
About Woolworths
Careers
Why Pick Woolies?
Our Brands
Woolworths Group Privacy Centre
Community
Suppliers
Become an Affiliate
Corporate Responsibility
Our Partners
Connect on Social
Follow us on Instagram, Opens in a new window
Follow us on Facebook, Opens in a new window
Follow us on Pinterest, Opens in a new window
Follow us on Youtube, Opens in a new window
Follow us on Twitter, Opens in a new window
We acknowledge the Traditional Owners and Custodians of Country throughout Australia. We pay our respects to all First Nations peoples and acknowledge Elders past and present.
Read more about our commitment to reconciliation
Woolworths Group aims to create more inclusive access for team members and customers with disabilities.
Website accessibility
New South Wales | Liquor Act 2007: No alcohol can be sold or supplied to anyone under 18. It's against the law.

For all Woolworths Online liquor orders, Woolworths Group is acting as an agent on behalf of Endeavour Group Limited (ABN 77 159 767 843). Pricing (including any 'was' or 'strikethrough' price) displayed on the Woolworths website and app for these liquor products are provided by Endeavour Group and reflects pricing on their BWS website which is set by location. They do not, however, include particular specials, clearances and offers which are exclusive to BWS. For Everyday Market from Woolworths orders involving the sale of liquor, Woolworths Marketplace Pty Limited is acting as an agent on behalf of the relevant Everyday Market partner. Woolworths Online supports the Responsible Service of Alcohol. For liquor licence numbers visit the Liquor and Tobacco Licences page.

If you wish to voluntarily exclude yourself from being able to purchase alcohol from our site, you can find out more at our Alcohol Self Exclusion page.
© Woolworths Group Limited 1997-2025 - All Rights Reserved. Woolworths Group Privacy Policy Woolworths Group Cookies Statement Woolworths Collection Notice Terms & Conditions Accessibility
Feedback

================================================================================

=== PAGE 21 ===
URL: https://www.woolworths.com.au/shop/catalogue/view#view=list&saleId=61091&areaName=QLD&page=21
Scraped at: 2025-09-02T20:48:36.783413

Everyday & Other Services
Lists &
Buy again
Log in or Sign up
My Account
View cart button
$0.00
           
          
           worth
           in total
        
Browse products
Specials & catalogue
undefined
Recipes & ideas
undefined
Get more value
undefined
Ways to shop
undefined
Help
undefined
Shop for business
Stores
Delivery to:
Set your Delivery address
Choose
Select a time:
View available times
Choose Time of Delivery. View available times
Choose
Home  /  Catalogues  /  Weekly Catalogue QLD
Home
Pages
Product List
Categories
Bookmarks
  Nescafe Coffee Sachets Pk 8-10
$4.00 each
1/2 Price, Save $4.00
Special pricing for this catalogue is only available from Wednesday 3rd September.
Offer valid Wed 3 Sep - Tue 9 Sep 2025
Kellogg’s Nutri-Grain 290g
$3.50 each
1/2 Price, Save $3.50
$1.21 per 100g
Special pricing for this catalogue is only available from Wednesday 3rd September.
Offer valid Wed 3 Sep - Tue 9 Sep 2025
Crafted Range of Sourdough Loaf Varieties#
$7.00 each
Save $0.50
Special pricing for this catalogue is only available from Wednesday 3rd September.
Offer valid Wed 3 Sep - Tue 9 Sep 2025
Woolworths Mini Pastry Varieties Pk 8#
$3.80 pk
Save $0.80
48¢ per ea
Special pricing for this catalogue is only available from Wednesday 3rd September.
Offer valid Wed 3 Sep - Tue 9 Sep 2025
Mission Mini Wraps Varieties 384g Pk 8
$4.50 pk
Save $1.00
$1.17 per 100g
Special pricing for this catalogue is only available from Wednesday 3rd September.
Offer valid Wed 3 Sep - Tue 9 Sep 2025
Mightysoft Cafe Fruit Loaf 600g
$3.95 each
1/2 Price, Save $3.95
66¢ per 100g
Special pricing for this catalogue is only available from Wednesday 3rd September.
Offer valid Wed 3 Sep - Tue 9 Sep 2025
Profiterole Rolls Pk 8#
$6.50 pk
Save $1.00
81¢ per ea
Special pricing for this catalogue is only available from Wednesday 3rd September.
Offer valid Wed 3 Sep - Tue 9 Sep 2025
Woolworths Donut Varieties Pk 4
$5.50 pk
Save $0.50
$1.38 per ea
Special pricing for this catalogue is only available from Wednesday 3rd September.
Offer valid Wed 3 Sep - Tue 9 Sep 2025
NEW Cacao Petite Macarons Pk 24
Introductory price
$18.00 pk
Standard shelf price $21.00 pk
75¢ per ea
Special pricing for this catalogue is only available from Wednesday 3rd September.
Offer valid Wed 3 Sep - Tue 9 Sep 2025
Bread Roll Varieties Pk 6# – Excludes Jumbo & Brioche Roll Varieties
Everyday Low Price
$3.00 pk
50¢ per ea
Special pricing for this catalogue is only available from Wednesday 3rd September.
Offer valid Wed 3 Sep - Tue 9 Sep 2025
Tip Top The One Bread Loaf Varieties 700g
Everyday Low Price
$4.50 each
64¢ per 100g
Special pricing for this catalogue is only available from Wednesday 3rd September.
Offer valid Wed 3 Sep - Tue 9 Sep 2025
Australian macro Organic Coriander Bunch
$3.90 each
Special pricing for this catalogue is only available from Wednesday 3rd September.
Offer valid Wed 3 Sep - Tue 9 Sep 2025
Previous
19
20
21
22
23
Next
Offer valid Wed 3 Sep - Tue 9 Sep 2025
» Terms and Conditions
powered by Salefinder.com.au

Back to top
Customer Service
Help & Support
Contact Us
Feedback
Product Safety
Product Recalls
Return Policy
Scam Warning
Shop Groceries Online
View My Account
Pick up
Delivery
Delivery Now
New to Online Shopping?
Shop for your Business
Useful Links
Store Locations & Trading Hours
Everyday Rewards
Recipes & Easy Dinner Ideas
Woolworths Catalogue
Our pricing
Meal Planner
Woolworths Fresh Magazine
Woolworths Apps
About Woolworths
Careers
Why Pick Woolies?
Our Brands
Woolworths Group Privacy Centre
Community
Suppliers
Become an Affiliate
Corporate Responsibility
Our Partners
Connect on Social
Follow us on Instagram, Opens in a new window
Follow us on Facebook, Opens in a new window
Follow us on Pinterest, Opens in a new window
Follow us on Youtube, Opens in a new window
Follow us on Twitter, Opens in a new window
We acknowledge the Traditional Owners and Custodians of Country throughout Australia. We pay our respects to all First Nations peoples and acknowledge Elders past and present.
Read more about our commitment to reconciliation
Woolworths Group aims to create more inclusive access for team members and customers with disabilities.
Website accessibility
New South Wales | Liquor Act 2007: No alcohol can be sold or supplied to anyone under 18. It's against the law.

For all Woolworths Online liquor orders, Woolworths Group is acting as an agent on behalf of Endeavour Group Limited (ABN 77 159 767 843). Pricing (including any 'was' or 'strikethrough' price) displayed on the Woolworths website and app for these liquor products are provided by Endeavour Group and reflects pricing on their BWS website which is set by location. They do not, however, include particular specials, clearances and offers which are exclusive to BWS. For Everyday Market from Woolworths orders involving the sale of liquor, Woolworths Marketplace Pty Limited is acting as an agent on behalf of the relevant Everyday Market partner. Woolworths Online supports the Responsible Service of Alcohol. For liquor licence numbers visit the Liquor and Tobacco Licences page.

If you wish to voluntarily exclude yourself from being able to purchase alcohol from our site, you can find out more at our Alcohol Self Exclusion page.
© Woolworths Group Limited 1997-2025 - All Rights Reserved. Woolworths Group Privacy Policy Woolworths Group Cookies Statement Woolworths Collection Notice Terms & Conditions Accessibility
Feedback

================================================================================

=== PAGE 22 ===
URL: https://www.woolworths.com.au/shop/catalogue/view#view=list&saleId=61091&areaName=QLD&page=22
Scraped at: 2025-09-02T20:48:53.847157

Everyday & Other Services
Lists &
Buy again
Log in or Sign up
My Account
View cart button
$0.00
           
          
           worth
           in total
        
Browse products
Specials & catalogue
undefined
Recipes & ideas
undefined
Get more value
undefined
Ways to shop
undefined
Help
undefined
Shop for business
Stores
Delivery to:
Set your Delivery address
Choose
Select a time:
View available times
Choose Time of Delivery. View available times
Choose
Home  /  Catalogues  /  Weekly Catalogue QLD
Home
Pages
Product List
Categories
Bookmarks
  Australian macro Organic Continental Parsley Bunch
$3.90 each
Special pricing for this catalogue is only available from Wednesday 3rd September.
Offer valid Wed 3 Sep - Tue 9 Sep 2025
Australian macro Organic White Washed Potatoes 1 kg Pack
$3.90 pk
$3.90 per kg
Special pricing for this catalogue is only available from Wednesday 3rd September.
Offer valid Wed 3 Sep - Tue 9 Sep 2025
Australian macro Organic Kale Bunch
$5.00 each
Special pricing for this catalogue is only available from Wednesday 3rd September.
Offer valid Wed 3 Sep - Tue 9 Sep 2025
Australian macro Organic Dates 200g Pack
$6.90 pk
$34.50 per kg
Special pricing for this catalogue is only available from Wednesday 3rd September.
Offer valid Wed 3 Sep - Tue 9 Sep 2025
Australian Organic Fruit Puree Pouch 120g
$1.90 each
Save $0.60
$15.83 per kg
Special pricing for this catalogue is only available from Wednesday 3rd September.
Offer valid Wed 3 Sep - Tue 9 Sep 2025
Coyo Organic Coconut Yoghurt Pot 200g – From the Fridge
$1.95 each
1/2 Price, Save $1.95
98¢ per 100g
Special pricing for this catalogue is only available from Wednesday 3rd September.
Offer valid Wed 3 Sep - Tue 9 Sep 2025
Hakubaku Organic Noodles 270g
$3.20 each
Save $0.80
$1.19 per 100g
Special pricing for this catalogue is only available from Wednesday 3rd September.
Offer valid Wed 3 Sep - Tue 9 Sep 2025
macro Organic Corn Chips 200g
$3.60 each
Save $0.40
$1.80 per 100g
Special pricing for this catalogue is only available from Wednesday 3rd September.
Offer valid Wed 3 Sep - Tue 9 Sep 2025
Macro Organic Pasta 500g
Everyday Low Price
$1.95 each
39¢ per 100g
Special pricing for this catalogue is only available from Wednesday 3rd September.
Offer valid Wed 3 Sep - Tue 9 Sep 2025
macro Organic Coconut Cream or Milk 400ml
Everyday Low Price
$2.35 each
59¢ per 100ml
Special pricing for this catalogue is only available from Wednesday 3rd September.
Offer valid Wed 3 Sep - Tue 9 Sep 2025
Little One's Ultra Dry Nappies Pk 36-56
$11.50 each
Range was $12.00
Special pricing for this catalogue is only available from Wednesday 3rd September.
Offer valid Wed 3 Sep - Tue 9 Sep 2025
Liquid Ears Music & Calls Lightning Earphones
$12.50 each
Save $5.50
Special pricing for this catalogue is only available from Wednesday 3rd September.
Offer valid Wed 3 Sep - Tue 9 Sep 2025
Previous
20
21
22
23
24
Next
Offer valid Wed 3 Sep - Tue 9 Sep 2025
» Terms and Conditions
powered by Salefinder.com.au

Back to top
Customer Service
Help & Support
Contact Us
Feedback
Product Safety
Product Recalls
Return Policy
Scam Warning
Shop Groceries Online
View My Account
Pick up
Delivery
Delivery Now
New to Online Shopping?
Shop for your Business
Useful Links
Store Locations & Trading Hours
Everyday Rewards
Recipes & Easy Dinner Ideas
Woolworths Catalogue
Our pricing
Meal Planner
Woolworths Fresh Magazine
Woolworths Apps
About Woolworths
Careers
Why Pick Woolies?
Our Brands
Woolworths Group Privacy Centre
Community
Suppliers
Become an Affiliate
Corporate Responsibility
Our Partners
Connect on Social
Follow us on Instagram, Opens in a new window
Follow us on Facebook, Opens in a new window
Follow us on Pinterest, Opens in a new window
Follow us on Youtube, Opens in a new window
Follow us on Twitter, Opens in a new window
We acknowledge the Traditional Owners and Custodians of Country throughout Australia. We pay our respects to all First Nations peoples and acknowledge Elders past and present.
Read more about our commitment to reconciliation
Woolworths Group aims to create more inclusive access for team members and customers with disabilities.
Website accessibility
New South Wales | Liquor Act 2007: No alcohol can be sold or supplied to anyone under 18. It's against the law.

For all Woolworths Online liquor orders, Woolworths Group is acting as an agent on behalf of Endeavour Group Limited (ABN 77 159 767 843). Pricing (including any 'was' or 'strikethrough' price) displayed on the Woolworths website and app for these liquor products are provided by Endeavour Group and reflects pricing on their BWS website which is set by location. They do not, however, include particular specials, clearances and offers which are exclusive to BWS. For Everyday Market from Woolworths orders involving the sale of liquor, Woolworths Marketplace Pty Limited is acting as an agent on behalf of the relevant Everyday Market partner. Woolworths Online supports the Responsible Service of Alcohol. For liquor licence numbers visit the Liquor and Tobacco Licences page.

If you wish to voluntarily exclude yourself from being able to purchase alcohol from our site, you can find out more at our Alcohol Self Exclusion page.
© Woolworths Group Limited 1997-2025 - All Rights Reserved. Woolworths Group Privacy Policy Woolworths Group Cookies Statement Woolworths Collection Notice Terms & Conditions Accessibility
Feedback

================================================================================

=== PAGE 23 ===
URL: https://www.woolworths.com.au/shop/catalogue/view#view=list&saleId=61091&areaName=QLD&page=23
Scraped at: 2025-09-02T20:49:10.908041

Everyday & Other Services
Lists &
Buy again
Log in or Sign up
My Account
View cart button
$0.00
           
          
           worth
           in total
        
Browse products
Specials & catalogue
undefined
Recipes & ideas
undefined
Get more value
undefined
Ways to shop
undefined
Help
undefined
Shop for business
Stores
Delivery to:
Set your Delivery address
Choose
Select a time:
View available times
Choose Time of Delivery. View available times
Choose
Home  /  Catalogues  /  Weekly Catalogue QLD
Home
Pages
Product List
Categories
Bookmarks
  Liquid Ears True Wireless Bud Style Earphones Assorted
$35.00 each
Save $15.00
Special pricing for this catalogue is only available from Wednesday 3rd September.
Offer valid Wed 3 Sep - Tue 9 Sep 2025
amaysim $35 Starter Pack‡
$12.00 each
Better than 1/2 Price, Save $23.00
Special pricing for this catalogue is only available from Wednesday 3rd September.
Offer valid Wed 3 Sep - Tue 9 Sep 2025
Boost $49 Starter Pack^
$17.00 each
Better than 1/2 Price, Save $32.00
Special pricing for this catalogue is only available from Wednesday 3rd September.
Offer valid Wed 3 Sep - Tue 9 Sep 2025
Vodafone $45 Starter Pack§
$19.00 each
Better than 1/2 Price, Save $26.00
Special pricing for this catalogue is only available from Wednesday 3rd September.
Offer valid Wed 3 Sep - Tue 9 Sep 2025
Optus X - Total#
$99.00 each
Save $30.00
Special pricing for this catalogue is only available from Wednesday 3rd September.
Offer valid Wed 3 Sep - Tue 9 Sep 2025
Vodafone Oppo A60 5G§
$179.00 each
Save $50.00
Special pricing for this catalogue is only available from Wednesday 3rd September.
Offer valid Wed 3 Sep - Tue 9 Sep 2025
Optus $350 SIM Starter Pack#
$199.00 each
40% off, Save $151.00
Special pricing for this catalogue is only available from Wednesday 3rd September.
Offer valid Wed 3 Sep - Tue 9 Sep 2025
Australian Blueberries 125g Punnet
$4.00 pk
$32 per kg
Special pricing for this catalogue is only available from Wednesday 3rd September.
Offer valid Wed 3 Sep - Tue 9 Sep 2025
Shark Cordless Detect Pro Stick Vacuum Cleaner
$399.00 each
40% off, Save $350.00
Special pricing for this catalogue is only available from Wednesday 3rd September.
Offer valid Wed 3 Sep - Tue 9 Sep 2025
Raco Kitchen Essentials Nonstick/ Stainless Steel Induction 9 Piece Cookware Set
$275.00 each
Better than 1/2 Price, Save $324.00
Special pricing for this catalogue is only available from Wednesday 3rd September.
Offer valid Wed 3 Sep - Tue 9 Sep 2025
Healthy Choice 6.5L Glass Digital Air Fryer (1200W)
$109.95 each
Save $10.00
Special pricing for this catalogue is only available from Wednesday 3rd September.
Offer valid Wed 3 Sep - Tue 9 Sep 2025
Royal Comfort 4 Pack Duck Feather & Down Pillows
$39.00 each
25% off, Save $15.95
Special pricing for this catalogue is only available from Wednesday 3rd September.
Offer valid Wed 3 Sep - Tue 9 Sep 2025
Previous
21
22
23
24
25
Next
Offer valid Wed 3 Sep - Tue 9 Sep 2025
» Terms and Conditions
powered by Salefinder.com.au

Back to top
Customer Service
Help & Support
Contact Us
Feedback
Product Safety
Product Recalls
Return Policy
Scam Warning
Shop Groceries Online
View My Account
Pick up
Delivery
Delivery Now
New to Online Shopping?
Shop for your Business
Useful Links
Store Locations & Trading Hours
Everyday Rewards
Recipes & Easy Dinner Ideas
Woolworths Catalogue
Our pricing
Meal Planner
Woolworths Fresh Magazine
Woolworths Apps
About Woolworths
Careers
Why Pick Woolies?
Our Brands
Woolworths Group Privacy Centre
Community
Suppliers
Become an Affiliate
Corporate Responsibility
Our Partners
Connect on Social
Follow us on Instagram, Opens in a new window
Follow us on Facebook, Opens in a new window
Follow us on Pinterest, Opens in a new window
Follow us on Youtube, Opens in a new window
Follow us on Twitter, Opens in a new window
We acknowledge the Traditional Owners and Custodians of Country throughout Australia. We pay our respects to all First Nations peoples and acknowledge Elders past and present.
Read more about our commitment to reconciliation
Woolworths Group aims to create more inclusive access for team members and customers with disabilities.
Website accessibility
New South Wales | Liquor Act 2007: No alcohol can be sold or supplied to anyone under 18. It's against the law.

For all Woolworths Online liquor orders, Woolworths Group is acting as an agent on behalf of Endeavour Group Limited (ABN 77 159 767 843). Pricing (including any 'was' or 'strikethrough' price) displayed on the Woolworths website and app for these liquor products are provided by Endeavour Group and reflects pricing on their BWS website which is set by location. They do not, however, include particular specials, clearances and offers which are exclusive to BWS. For Everyday Market from Woolworths orders involving the sale of liquor, Woolworths Marketplace Pty Limited is acting as an agent on behalf of the relevant Everyday Market partner. Woolworths Online supports the Responsible Service of Alcohol. For liquor licence numbers visit the Liquor and Tobacco Licences page.

If you wish to voluntarily exclude yourself from being able to purchase alcohol from our site, you can find out more at our Alcohol Self Exclusion page.
© Woolworths Group Limited 1997-2025 - All Rights Reserved. Woolworths Group Privacy Policy Woolworths Group Cookies Statement Woolworths Collection Notice Terms & Conditions Accessibility
Feedback

================================================================================

=== PAGE 24 ===
URL: https://www.woolworths.com.au/shop/catalogue/view#view=list&saleId=61091&areaName=QLD&page=24
Scraped at: 2025-09-02T20:49:27.970651

Everyday & Other Services
Lists &
Buy again
Log in or Sign up
My Account
View cart button
$0.00
           
          
           worth
           in total
        
Browse products
Specials & catalogue
undefined
Recipes & ideas
undefined
Get more value
undefined
Ways to shop
undefined
Help
undefined
Shop for business
Stores
Delivery to:
Set your Delivery address
Choose
Select a time:
View available times
Choose Time of Delivery. View available times
Choose
Home  /  Catalogues  /  Weekly Catalogue QLD
Home
Pages
Product List
Categories
Bookmarks
  150W Devanti Stick Vacuum Cleaner Cordless Red
$109.00 each
Save $10.95
Special pricing for this catalogue is only available from Wednesday 3rd September.
Offer valid Wed 3 Sep - Tue 9 Sep 2025
Everfit 27.5 Inch Electric Bike 21 Speed
$767.00 each
Save $168.95
Special pricing for this catalogue is only available from Wednesday 3rd September.
Offer valid Wed 3 Sep - Tue 9 Sep 2025
Everfit 12FT Trampoline for Kids w/ Ladder Safety Net Orange
$353.00 each
Save $56.95
Special pricing for this catalogue is only available from Wednesday 3rd September.
Offer valid Wed 3 Sep - Tue 9 Sep 2025
290L Gardeon Outdoor Storage Box Lockable Cabinet Black
$57.00 each
Save $9.95
Special pricing for this catalogue is only available from Wednesday 3rd September.
Offer valid Wed 3 Sep - Tue 9 Sep 2025
Glenfiddich 12YO Sherry Cask Single Malt Scotch Whisky 700mL
$99.00 each
Save $36.00
Special pricing for this catalogue is only available from Wednesday 3rd September.
Offer valid Wed 3 Sep - Tue 9 Sep 2025
Grant's Triple Wood Blended Scotch Whisky 1L
$64.00 each
Save $14.00
Special pricing for this catalogue is only available from Wednesday 3rd September.
Offer valid Wed 3 Sep - Tue 9 Sep 2025
Espolon Tequila Blanco 700ml
$64.00 each
Save $8.00
Special pricing for this catalogue is only available from Wednesday 3rd September.
Offer valid Wed 3 Sep - Tue 9 Sep 2025
Jack Daniel's Gentleman Jack Tennessee Whiskey 700mL
$58.00 each
Save $21.00
Special pricing for this catalogue is only available from Wednesday 3rd September.
Offer valid Wed 3 Sep - Tue 9 Sep 2025
Great Northern Super Crisp Cans 30x375mL
Great Value Price
$64.00 each
Special pricing for this catalogue is only available from Wednesday 3rd September.
Offer valid Wed 3 Sep - Tue 9 Sep 2025
Burleigh Brewing Co. Big Head No Carb Lager Bottles 24x330mL
Great Value Price
$74.00 each
Special pricing for this catalogue is only available from Wednesday 3rd September.
Offer valid Wed 3 Sep - Tue 9 Sep 2025
Brookvale Union Ginger Beer Cans 10x330mL
Great Value Price
$41.00 each
Special pricing for this catalogue is only available from Wednesday 3rd September.
Offer valid Wed 3 Sep - Tue 9 Sep 2025
Coors Lager Cans 24x355mL
Great Value Price
$58.00 each
Special pricing for this catalogue is only available from Wednesday 3rd September.
Offer valid Wed 3 Sep - Tue 9 Sep 2025
Previous
21
22
23
24
25
26
Next
Offer valid Wed 3 Sep - Tue 9 Sep 2025
» Terms and Conditions
powered by Salefinder.com.au

Back to top
Customer Service
Help & Support
Contact Us
Feedback
Product Safety
Product Recalls
Return Policy
Scam Warning
Shop Groceries Online
View My Account
Pick up
Delivery
Delivery Now
New to Online Shopping?
Shop for your Business
Useful Links
Store Locations & Trading Hours
Everyday Rewards
Recipes & Easy Dinner Ideas
Woolworths Catalogue
Our pricing
Meal Planner
Woolworths Fresh Magazine
Woolworths Apps
About Woolworths
Careers
Why Pick Woolies?
Our Brands
Woolworths Group Privacy Centre
Community
Suppliers
Become an Affiliate
Corporate Responsibility
Our Partners
Connect on Social
Follow us on Instagram, Opens in a new window
Follow us on Facebook, Opens in a new window
Follow us on Pinterest, Opens in a new window
Follow us on Youtube, Opens in a new window
Follow us on Twitter, Opens in a new window
We acknowledge the Traditional Owners and Custodians of Country throughout Australia. We pay our respects to all First Nations peoples and acknowledge Elders past and present.
Read more about our commitment to reconciliation
Woolworths Group aims to create more inclusive access for team members and customers with disabilities.
Website accessibility
New South Wales | Liquor Act 2007: No alcohol can be sold or supplied to anyone under 18. It's against the law.

For all Woolworths Online liquor orders, Woolworths Group is acting as an agent on behalf of Endeavour Group Limited (ABN 77 159 767 843). Pricing (including any 'was' or 'strikethrough' price) displayed on the Woolworths website and app for these liquor products are provided by Endeavour Group and reflects pricing on their BWS website which is set by location. They do not, however, include particular specials, clearances and offers which are exclusive to BWS. For Everyday Market from Woolworths orders involving the sale of liquor, Woolworths Marketplace Pty Limited is acting as an agent on behalf of the relevant Everyday Market partner. Woolworths Online supports the Responsible Service of Alcohol. For liquor licence numbers visit the Liquor and Tobacco Licences page.

If you wish to voluntarily exclude yourself from being able to purchase alcohol from our site, you can find out more at our Alcohol Self Exclusion page.
© Woolworths Group Limited 1997-2025 - All Rights Reserved. Woolworths Group Privacy Policy Woolworths Group Cookies Statement Woolworths Collection Notice Terms & Conditions Accessibility
Feedback

================================================================================

=== PAGE 25 ===
URL: https://www.woolworths.com.au/shop/catalogue/view#view=list&saleId=61091&areaName=QLD&page=25
Scraped at: 2025-09-02T20:49:45.037155

Everyday & Other Services
Lists &
Buy again
Log in or Sign up
My Account
View cart button
$0.00
           
          
           worth
           in total
        
Browse products
Specials & catalogue
undefined
Recipes & ideas
undefined
Get more value
undefined
Ways to shop
undefined
Help
undefined
Shop for business
Stores
Delivery to:
Set your Delivery address
Choose
Select a time:
View available times
Choose Time of Delivery. View available times
Choose
Home  /  Catalogues  /  Weekly Catalogue QLD
Home
Pages
Product List
Categories
Bookmarks
  Villa Maria Private Bin Sauvignon Blanc 750mL
$15.00 each
Save $7.00
Special pricing for this catalogue is only available from Wednesday 3rd September.
Offer valid Wed 3 Sep - Tue 9 Sep 2025
Peter Lehmann The Barossan Shiraz 750mL
$21.00 each
Save $5.00
Special pricing for this catalogue is only available from Wednesday 3rd September.
Offer valid Wed 3 Sep - Tue 9 Sep 2025
Wither Hills Sauvignon Blanc 750mL
3 for $40.00
Save $26.00
Special pricing for this catalogue is only available from Wednesday 3rd September.
Offer valid Wed 3 Sep - Tue 9 Sep 2025
K by Krondorf Barossa Cabernet Sauvignon 750mL
$13.00 each
Save $5.00
Special pricing for this catalogue is only available from Wednesday 3rd September.
Offer valid Wed 3 Sep - Tue 9 Sep 2025
NEW Stone & Wood Radler Citrus Cans 16x330mL
$58.00 each
Special pricing for this catalogue is only available from Wednesday 3rd September.
Offer valid Wed 3 Sep - Tue 9 Sep 2025
St Hugo Cabernet Shiraz 2022 750mL
$40.00 each
Save $10.00
Special pricing for this catalogue is only available from Wednesday 3rd September.
Offer valid Wed 3 Sep - Tue 9 Sep 2025
Grant Burge Miamba Shiraz 750mL
$20.00 each
Save $6.00
Special pricing for this catalogue is only available from Wednesday 3rd September.
Offer valid Wed 3 Sep - Tue 9 Sep 2025
Andrew Garrett Sparkling Shiraz 750mL
$14.00 each
Save $5.00
Special pricing for this catalogue is only available from Wednesday 3rd September.
Offer valid Wed 3 Sep - Tue 9 Sep 2025
Jack Daniel’s Cola Cans 10x375mL
2 Packs for $99.00
Save $21.00
Special pricing for this catalogue is only available from Wednesday 3rd September.
Offer valid Wed 3 Sep - Tue 9 Sep 2025
Wild Turkey 101 6.5% & Cola Cans 10x375mL
$64.00 each
Save $7.00
Special pricing for this catalogue is only available from Wednesday 3rd September.
Offer valid Wed 3 Sep - Tue 9 Sep 2025
Hard Rated Lemon 6% Cans 4x330mL
$26.00 each
Save $4.00
Special pricing for this catalogue is only available from Wednesday 3rd September.
Offer valid Wed 3 Sep - Tue 9 Sep 2025
Jameson 6.3% Dry & Lime Cans 4x375mL
$26.00 each
Save $2.00
Special pricing for this catalogue is only available from Wednesday 3rd September.
Offer valid Wed 3 Sep - Tue 9 Sep 2025
Previous
21
22
23
24
25
26
Next
Offer valid Wed 3 Sep - Tue 9 Sep 2025
» Terms and Conditions
powered by Salefinder.com.au

Back to top
Customer Service
Help & Support
Contact Us
Feedback
Product Safety
Product Recalls
Return Policy
Scam Warning
Shop Groceries Online
View My Account
Pick up
Delivery
Delivery Now
New to Online Shopping?
Shop for your Business
Useful Links
Store Locations & Trading Hours
Everyday Rewards
Recipes & Easy Dinner Ideas
Woolworths Catalogue
Our pricing
Meal Planner
Woolworths Fresh Magazine
Woolworths Apps
About Woolworths
Careers
Why Pick Woolies?
Our Brands
Woolworths Group Privacy Centre
Community
Suppliers
Become an Affiliate
Corporate Responsibility
Our Partners
Connect on Social
Follow us on Instagram, Opens in a new window
Follow us on Facebook, Opens in a new window
Follow us on Pinterest, Opens in a new window
Follow us on Youtube, Opens in a new window
Follow us on Twitter, Opens in a new window
We acknowledge the Traditional Owners and Custodians of Country throughout Australia. We pay our respects to all First Nations peoples and acknowledge Elders past and present.
Read more about our commitment to reconciliation
Woolworths Group aims to create more inclusive access for team members and customers with disabilities.
Website accessibility
New South Wales | Liquor Act 2007: No alcohol can be sold or supplied to anyone under 18. It's against the law.

For all Woolworths Online liquor orders, Woolworths Group is acting as an agent on behalf of Endeavour Group Limited (ABN 77 159 767 843). Pricing (including any 'was' or 'strikethrough' price) displayed on the Woolworths website and app for these liquor products are provided by Endeavour Group and reflects pricing on their BWS website which is set by location. They do not, however, include particular specials, clearances and offers which are exclusive to BWS. For Everyday Market from Woolworths orders involving the sale of liquor, Woolworths Marketplace Pty Limited is acting as an agent on behalf of the relevant Everyday Market partner. Woolworths Online supports the Responsible Service of Alcohol. For liquor licence numbers visit the Liquor and Tobacco Licences page.

If you wish to voluntarily exclude yourself from being able to purchase alcohol from our site, you can find out more at our Alcohol Self Exclusion page.
© Woolworths Group Limited 1997-2025 - All Rights Reserved. Woolworths Group Privacy Policy Woolworths Group Cookies Statement Woolworths Collection Notice Terms & Conditions Accessibility
Feedback

================================================================================

=== PAGE 26 ===
URL: https://www.woolworths.com.au/shop/catalogue/view#view=list&saleId=61091&areaName=QLD&page=26
Scraped at: 2025-09-02T20:50:02.077780

Everyday & Other Services
Lists &
Buy again
Log in or Sign up
My Account
View cart button
$0.00
           
          
           worth
           in total
        
Browse products
Specials & catalogue
undefined
Recipes & ideas
undefined
Get more value
undefined
Ways to shop
undefined
Help
undefined
Shop for business
Stores
Delivery to:
Set your Delivery address
Choose
Select a time:
View available times
Choose Time of Delivery. View available times
Choose
Home  /  Catalogues  /  Weekly Catalogue QLD
Home
Pages
Product List
Categories
Bookmarks
  Hendrick’s Gin 700mL
$70.00 each
Save $17.00
Special pricing for this catalogue is only available from Wednesday 3rd September.
Offer valid Wed 3 Sep - Tue 9 Sep 2025
Monkey Shoulder Blended Malt Scotch Whisky 700mL
$60.00 each
Save $20.00
Special pricing for this catalogue is only available from Wednesday 3rd September.
Offer valid Wed 3 Sep - Tue 9 Sep 2025
Archie Rose Australian Malt Whisky 700mL
$65.00 each
Save $10.00
Special pricing for this catalogue is only available from Wednesday 3rd September.
Offer valid Wed 3 Sep - Tue 9 Sep 2025
Maker's Mark Kentucky Straight Bourbon Whisky 700mL
$55.00 each
Save $18.00
Special pricing for this catalogue is only available from Wednesday 3rd September.
Offer valid Wed 3 Sep - Tue 9 Sep 2025
Previous
21
22
23
24
25
26
Next
Offer valid Wed 3 Sep - Tue 9 Sep 2025
» Terms and Conditions
powered by Salefinder.com.au

Back to top
Customer Service
Help & Support
Contact Us
Feedback
Product Safety
Product Recalls
Return Policy
Scam Warning
Shop Groceries Online
View My Account
Pick up
Delivery
Delivery Now
New to Online Shopping?
Shop for your Business
Useful Links
Store Locations & Trading Hours
Everyday Rewards
Recipes & Easy Dinner Ideas
Woolworths Catalogue
Our pricing
Meal Planner
Woolworths Fresh Magazine
Woolworths Apps
About Woolworths
Careers
Why Pick Woolies?
Our Brands
Woolworths Group Privacy Centre
Community
Suppliers
Become an Affiliate
Corporate Responsibility
Our Partners
Connect on Social
Follow us on Instagram, Opens in a new window
Follow us on Facebook, Opens in a new window
Follow us on Pinterest, Opens in a new window
Follow us on Youtube, Opens in a new window
Follow us on Twitter, Opens in a new window
We acknowledge the Traditional Owners and Custodians of Country throughout Australia. We pay our respects to all First Nations peoples and acknowledge Elders past and present.
Read more about our commitment to reconciliation
Woolworths Group aims to create more inclusive access for team members and customers with disabilities.
Website accessibility
New South Wales | Liquor Act 2007: No alcohol can be sold or supplied to anyone under 18. It's against the law.

For all Woolworths Online liquor orders, Woolworths Group is acting as an agent on behalf of Endeavour Group Limited (ABN 77 159 767 843). Pricing (including any 'was' or 'strikethrough' price) displayed on the Woolworths website and app for these liquor products are provided by Endeavour Group and reflects pricing on their BWS website which is set by location. They do not, however, include particular specials, clearances and offers which are exclusive to BWS. For Everyday Market from Woolworths orders involving the sale of liquor, Woolworths Marketplace Pty Limited is acting as an agent on behalf of the relevant Everyday Market partner. Woolworths Online supports the Responsible Service of Alcohol. For liquor licence numbers visit the Liquor and Tobacco Licences page.

If you wish to voluntarily exclude yourself from being able to purchase alcohol from our site, you can find out more at our Alcohol Self Exclusion page.
© Woolworths Group Limited 1997-2025 - All Rights Reserved. Woolworths Group Privacy Policy Woolworths Group Cookies Statement Woolworths Collection Notice Terms & Conditions Accessibility
Feedback

================================================================================

