Here are the three ALDI catalogues converted into a structured Markdown format:

# ALDI Catalogues – Weeks 36, 37, 38 (2025)

---

## Week 36 (V3) – 7 September 2025

### Kitchen & Home
- **A** Multifunction Pan Set – $49.99  
- **B** Assorted Joie Kitchen Accessories – $5.99  
- **C** Assorted Utensils – $4.99  
- **D** Ceramic Frying Pan with Spouts 28cm – $19.99  
- **E** Stainless Steel 2-Tier Steamer Pot or Asparagus Pot – $24.99  
- **F** Non-Stick Chip, Baking or Pizza Trays – $3.99  
- **G** Assorted Kitchen Gadgets – $3.99  
- **H** 30L Microwave Oven with Grill and Convection – $169  

### Pet Supplies
- **A** Dog Harness, Activity Lead or Rope Lead – $9.99  
- **B** Medium/Large Dog Harness or Retractable Lead – $14.99  
- **C** Interactive Dog Ball – $11.99  
- **D** Active Pet Toy Assortment – $7.99  
- **E** Squeaky Dog Toy – $4.99  
- **F** Heavy Duty Dog Toy – $5.99  
- **G** Elevated Dog Bed – $19.99  

### Cleaning
- **A** ECOVACS DEEBOT NEO 2.0 Robot Vacuum – $279  
- **B** Tineco Floor Washer – $249  
- **C** Carpet Vacuum Cleaner – $99.99  
- **D** 2-in-1 Cordless Stick Vacuum – $99.99  
- **E** Carpet Spot Cleaner with Steam – $14.99  
- **F** Magnetic Window Cleaner – $14.99  
- **G** Electric Scrubber Brush – $13.99  
- **H** Compact Tornado Mop & Bucket – $29.99  
- **I** Detail Cleaning Brush Set – $6.99  

### Groceries & Everyday Items
- Koh cleaning products, Fairy dishwasher tablets, Logix cleaner, coffee beans, honey, snacks, men's grooming products, and more.

### Travel Deals
- 13-Day Essential Europe Tour – from $3,999 pp  
- Paris, Baltics and Oktoberfest Cruise – from $6,999 pp  

---

## Week 37 – 14 September 2025

### Clothing & Accessories
- **A** Women’s Midi Dress – $24.99  
- **B** Men’s Chino Pants – $17.99  
- **C** Men’s Cotton Shirt – $14.99  
- **D** Women’s Lightweight Trench Coat – $34.99  
- **E** Men’s Blazer – $29.99  
- **F** Seamless Underwear – $12.99  
- **G** Women’s Satin Top – $14.99  
- **H** Women’s Satin Bottoms – $19.99  

### Travel & Luggage
- **A** Hardcase Suitcase 2pc Set – $99.99  
- **B** Premium Wheeled Duffle Bag – $29.99  
- **C** Packing Pouches – $12.99  
- **D** Silicone Travel Shower Caddy – $4.99  
- **E** Adults’ Travel Socks – $7.99  
- **F** Powerbank or Universal Charger – $69.99  
- **G** Foldable Backpack or Tote – $19.99  
- **H** Travel Adaptor Kit – $29.99  
- **I** Cygnett Powerbank – $29.99  
- **J** Children’s Hardcase Suitcase – $34.99  

### Camp Quality Fundraiser
- Hats, drink bottles, sunglasses, clogs, books, wraps, socks – $1.99–$9.99

### Health & Wellness
- Essential oils, pain relief spray, magnesium bath flakes, Fisiocrem – $9.99–$29.99

### Camping & Outdoor
- Tarps, first aid kits, solar blankets, metal detector, lights, collapsible accessories – $9.99–$179

### One Of A Finds
- Aston Martin F1 Go Kart – $199  
- Temperature Regulating Quilt – $69.99  
- Acerpure Air Fryer – $129  
- Acerpure Foldable Hairdryer – $29.99  

### Groceries & Father’s Day
- Jack Daniel’s Pulled Meats, fresh salads, milk buns, lamb cuts, and more.

---

## Week 38 (V4) – 20 September 2025

### Home & Furniture
- **A** Couch Blanket – $39.99  
- **B** Sofa Stretch Slipcover – $44.99  
- **C** Chindi Rug – $24.99  
- **D** Towel Set 4pk – $34.99  
- **E** Bath Sheet 2pk – $34.99  
- **F** Textured Cotton Bath Mat – $16.99  
- **G** Complete Curtain Pack – $99.99  

### Kitchen Gadgets
- **A** Chip Cutter, Spiraliser, Juicer – $14.99  
- **B** Basket Assortment – $12.99  
- **C** Oko SoftWorks Salad Spinner – $34.99  
- **D** Fruit/Vegetable Knives/Cutters – $3.99  
- **E** Cotton Tea Towel 3pk – $7.99  
- **F** Jole Compost Bin – $11.99  
- **G** Jole Fridge Storage – $7.99  
- **H** Jole Produce Savers – $4.99  
- **I** Jole Bread Box/Salad Bowl – $19.99  
- **J** Jole Cutting Boards – $4.99  

### Electronics
- **A** 75" 4K UHD TV with webOS – $799  
- **B** Philips CD Sound Machine – $69.99  
- **C** Duracell Batteries – $14.99  
- **D** Low Profile TV Wall Mount – $29.99  

### DIY & Tools
- Safety Ladder, paint supplies, wet/dry vacuum, high-pressure washer, power tools, drill kits, sandpaper, tiling tools, mixer taps, showerheads – $4.99–$149

### Snacks
- Cheetos, Thins, Red Rock Deli, Pringles, M&M’s, Arnott’s Shapes, Cobs Popcorn, and more.

### Travel Deals
- Mantra Amphora Palm Cove – from $799 pp  
- Warwick Le Lagon Vanuatu – from $1,599 pp  
- Various cruises and tours – from $2,299 pp

### ALDI Solar
- Solar packages with battery from $6,999*

### Groceries & Produce
- Australian lamb cuts, Tangold mandarins, blueberries, tomatoes, avocados, mushrooms, and more.

---

## Special Buys – Saturday 20th September 2025

### Footy Finals Snacks

#### Biscuits & Crackers
- **TeeVee Snacks Biscuits Original 175g** – $2.79 ($1.59 per 100g) *While Stocks Last*
- **TeeVee Snacks Biscuits Malt Sticks 175g** – $2.79 ($1.59 per 100g) *While Stocks Last*

#### Chips & Snacks
- **Cheese & Bacon Balls 190g** (Cheetos) – $3.99 ($2.10 per 100g) *While Stocks Last*
- **Light & Tangy 175g** (Thins) – $2.49 ($1.42 per 100g) *While Stocks Last*
- **Original Potato Chips 175g** (French Fries) – $2.49 ($1.42 per 100g) *While Stocks Last*
- **Natural Popcorn Lightly Salted Slightly Sweet 180g** (Cobs) – $2.69 ($1.49 per 100g) *While Stocks Last*
- **Cheese Supreme 500g** (Doritos) – $6.99 ($1.40 per 100g) *While Stocks Last*
- **Honey Soy Chicken Party Size 290g** (Red Rock Deli) – $4.49 ($1.55 per 100g) *While Stocks Last*
- **Sweet Chilli & Sour Cream Party Size 290g** (Red Rock Deli) – $4.49 ($1.55 per 100g) *While Stocks Last*
- **Mini's Sour Cream & Onion 30 Pack 570g** (Pringles) – $14.99 ($2.63 per 100g) *While Stocks Last*

#### Nuts & Confectionery
- **Cashews Roasted & Salted 1kg** (Forresters) – $16.99 ($16.99 per kg) *While Stocks Last*
- **Family Snack Mix 500g** (The Happy Nut) – $5.99 ($11.98 per kg) *While Stocks Last*
- **Dipped Pretzels 120g** (Reese's) – $6.99 ($5.83 per 100g) *While Stocks Last*
- **Mini Wagon Wheels 190g** (Arnott's) – $2.75 ($1.45 per 100g) *While Stocks Last*
- **Peanut Bucket 575g** (Mars) – $13.99 ($2.43 per 100g) *While Stocks Last*

#### Biltong
- **Mango & Chilli Biltong Slices 100g** (The Biltong Man) – $7.99 ($79.90 per kg) *While Stocks Last*
- **Salt & Vinegar Biltong Slices 100g** (The Biltong Man) – $7.99 ($79.90 per kg) *While Stocks Last*
- **Teriyaki Biltong Slices 100g** (The Biltong Man) – $7.99 ($79.90 per kg) *While Stocks Last*

#### Drinks
- **Coke Classic 36 Pack 375ml** (Coca-Cola) – $35.89 ($2.66 per L) *While Stocks Last*
- **Coke No Sugar 36 Pack 375ml** (Coca-Cola) – $35.89 ($2.66 per L) *While Stocks Last*
- **Coke Brands Variety Mini Cans 24 Pack 250ml** (Coca-Cola) – $23.99 ($4.00 per L) *While Stocks Last*
- **24 Pack 375ml** (Pepsi Max) – $22.49 ($2.50 per L) *While Stocks Last*
- **24 Pack 375ml** (Solo) – $22.49 ($2.50 per L) *While Stocks Last*
- **Lemonade 24 Pack 375ml** (Schweppes) – $22.49 ($2.50 per L) *While Stocks Last*
- **Mix It Up 6 Pack 375ml** (Bundaberg) – $8.99 ($4.00 per L) *While Stocks Last*
- **8 Pack 250ml** (Red Bull) – $13.99 ($7.00 per L) *While Stocks Last*

### Technology and Entertainment
- **75" 4K UHD WebOS TV** (Bauhn) – $799.00 *While Stocks Last*
- **CD Sound Machine** (Philips) – $69.99 *While Stocks Last*
- **Low Profile TV Wall Mount** (Bauhn) – $29.99 *While Stocks Last*
- **Assorted Clock Radio with Wireless Charging** (Bauhn) – $29.99 *While Stocks Last*
- **Assorted Powerboards** (Bauhn) – $39.99 *While Stocks Last*
- **Assorted Value Pack** (Duracell) – $14.99 (24 each, $0.62 per each) *While Stocks Last*
- **Assorted USB-C Rechargeable Batteries** (Activ Energy) – $14.99 (4 each, $3.75 per each) *While Stocks Last*

### Tools and DIY

#### Paint & Decorating
- **Ceiling Paint 10L** (Deco Craft) – $69.99 *While Stocks Last*
- **Outdoor Paint 4L** (Deco Craft) – $39.99 ($10.00 per L) *While Stocks Last*
- **4L Primer/Sealer/Undercoat** (Deco Craft) – $49.99 *While Stocks Last*
- **Deck and Furniture Oil 4L** (Deco Craft) – $44.99 *While Stocks Last*
- **Paint Brush Set 5 Piece Set** (Deco Craft) – $9.99 *While Stocks Last*
- **Roller Covers 10 Pack** (Deco Craft) – $9.99 *While Stocks Last*
- **Assorted Paint Drop Sheets** (Deco Style) – $14.99 (1 each) *While Stocks Last*
- **Assorted Tape** (Deco Craft) – $5.99 *While Stocks Last*
- **Assorted Sand Paper Rolls 5m** (Deco Craft) – $9.99 *While Stocks Last*
- **Paint Spray Station** (Ferrex) – $249.00 *While Stocks Last*

#### Power Tools & Equipment
- **Safety Ladder with Deep Steps** (Workzone) – $79.99 *While Stocks Last*
- **DIY Home Essentials Kit** (Ferrex) – $29.99 *While Stocks Last*
- **Wet & Dry Vacuum 20L** (Ferrex) – $59.99 *While Stocks Last*
- **Cordless Multifunctional Scrubber** (Ferrex) – $29.99 *While Stocks Last*
- **High Pressure Washer** (Ferrex) – $149.00 *While Stocks Last*
- **16V Cordless Drill Kit** (Ferrex) – $29.99 *While Stocks Last*
- **Assorted Power Tools** (Ferrex) – $29.99 *While Stocks Last*

#### Hardware & Accessories
- **Assorted Tiling Tool Set** (Workzone) – $12.99 *While Stocks Last*
- **Assorted DIY Kits** (Workzone) – $4.99 *While Stocks Last*
- **Assorted Kitchen Mixer Tap** (Ambiano) – $79.99 *While Stocks Last*


## Week 36 (V3) – 7 September 2025

### Kitchen & Home
- **A** Multifunction Pan Set – $49.99  
- **B** Assorted Joie Kitchen Accessories – $5.99  
- **C** Assorted Utensils – $4.99  
- **D** Ceramic Frying Pan with Spouts 28cm – $19.99  
- **E** Stainless Steel 2-Tier Steamer Pot or Asparagus Pot – $24.99  
- **F** Non-Stick Chip, Baking or Pizza Trays – $3.99  
- **G** Assorted Kitchen Gadgets – $3.99  
- **H** 30L Microwave Oven with Grill and Convection – $169  

### Pet Supplies
- **A** Dog Harness, Activity Lead or Rope Lead – $9.99  
- **B** Medium/Large Dog Harness or Retractable Lead – $14.99  
- **C** Interactive Dog Ball – $11.99  
- **D** Active Pet Toy Assortment – $7.99  
- **E** Squeaky Dog Toy – $4.99  
- **F** Heavy Duty Dog Toy – $5.99  
- **G** Elevated Dog Bed – $19.99  

### Cleaning
- **A** ECOVACS DEEBOT NEO 2.0 Robot Vacuum – $279  
- **B** Tineco Floor Washer – $249  
- **C** Carpet Vacuum Cleaner – $99.99  
- **D** 2-in-1 Cordless Stick Vacuum – $99.99  
- **E** Carpet Spot Cleaner with Steam – $14.99  
- **F** Magnetic Window Cleaner – $14.99  
- **G** Electric Scrubber Brush – $13.99  
- **H** Compact Tornado Mop & Bucket – $29.99  
- **I** Detail Cleaning Brush Set – $6.99  

### Groceries & Everyday Items
- Koh cleaning products, Fairy dishwasher tablets, Logix cleaner, coffee beans, honey, snacks, men's grooming products, and more.

### Travel Deals
- 13-Day Essential Europe Tour – from $3,999 pp  
- Paris, Baltics and Oktoberfest Cruise – from $6,999 pp  

---

## Week 37 – 14 September 2025

### Clothing & Accessories
- **A** Women’s Midi Dress – $24.99  
- **B** Men’s Chino Pants – $17.99  
- **C** Men’s Cotton Shirt – $14.99  
- **D** Women’s Lightweight Trench Coat – $34.99  
- **E** Men’s Blazer – $29.99  
- **F** Seamless Underwear – $12.99  
- **G** Women’s Satin Top – $14.99  
- **H** Women’s Satin Bottoms – $19.99  

### Travel & Luggage
- **A** Hardcase Suitcase 2pc Set – $99.99  
- **B** Premium Wheeled Duffle Bag – $29.99  
- **C** Packing Pouches – $12.99  
- **D** Silicone Travel Shower Caddy – $4.99  
- **E** Adults’ Travel Socks – $7.99  
- **F** Powerbank or Universal Charger – $69.99  
- **G** Foldable Backpack or Tote – $19.99  
- **H** Travel Adaptor Kit – $29.99  
- **I** Cygnett Powerbank – $29.99  
- **J** Children’s Hardcase Suitcase – $34.99  

### Camp Quality Fundraiser
- Hats, drink bottles, sunglasses, clogs, books, wraps, socks – $1.99–$9.99

### Health & Wellness
- Essential oils, pain relief spray, magnesium bath flakes, Fisiocrem – $9.99–$29.99

### Camping & Outdoor
- Tarps, first aid kits, solar blankets, metal detector, lights, collapsible accessories – $9.99–$179

### One Of A Finds
- Aston Martin F1 Go Kart – $199  
- Temperature Regulating Quilt – $69.99  
- Acerpure Air Fryer – $129  
- Acerpure Foldable Hairdryer – $29.99  

### Groceries & Father’s Day
- Jack Daniel’s Pulled Meats, fresh salads, milk buns, lamb cuts, and more.

---

## Week 38 (V4) – 20 September 2025

### Home & Furniture
- **A** Couch Blanket – $39.99  
- **B** Sofa Stretch Slipcover – $44.99  
- **C** Chindi Rug – $24.99  
- **D** Towel Set 4pk – $34.99  
- **E** Bath Sheet 2pk – $34.99  
- **F** Textured Cotton Bath Mat – $16.99  
- **G** Complete Curtain Pack – $99.99  

### Kitchen Gadgets
- **A** Chip Cutter, Spiraliser, Juicer – $14.99  
- **B** Basket Assortment – $12.99  
- **C** Oko SoftWorks Salad Spinner – $34.99  
- **D** Fruit/Vegetable Knives/Cutters – $3.99  
- **E** Cotton Tea Towel 3pk – $7.99  
- **F** Jole Compost Bin – $11.99  
- **G** Jole Fridge Storage – $7.99  
- **H** Jole Produce Savers – $4.99  
- **I** Jole Bread Box/Salad Bowl – $19.99  
- **J** Jole Cutting Boards – $4.99  

### Electronics
- **A** 75" 4K UHD TV with webOS – $799  
- **B** Philips CD Sound Machine – $69.99  
- **C** Duracell Batteries – $14.99  
- **D** Low Profile TV Wall Mount – $29.99  

### DIY & Tools
- Safety Ladder, paint supplies, wet/dry vacuum, high-pressure washer, power tools, drill kits, sandpaper, tiling tools, mixer taps, showerheads – $4.99–$149

### Snacks
- Cheetos, Thins, Red Rock Deli, Pringles, M&M’s, Arnott’s Shapes, Cobs Popcorn, and more.

### Travel Deals
- Mantra Amphora Palm Cove – from $799 pp  
- Warwick Le Lagon Vanuatu – from $1,599 pp  
- Various cruises and tours – from $2,299 pp

### ALDI Solar
- Solar packages with battery from $6,999*

### Groceries & Produce
- Australian lamb cuts, Tangold mandarins, blueberries, tomatoes, avocados, mushrooms, and more.

---

## Special Buys – Saturday 20th September 2025

### Footy Finals Snacks

#### Biscuits & Crackers
- **TeeVee Snacks Biscuits Original 175g** – $2.79 ($1.59 per 100g) *While Stocks Last*
- **TeeVee Snacks Biscuits Malt Sticks 175g** – $2.79 ($1.59 per 100g) *While Stocks Last*

#### Chips & Snacks
- **Cheese & Bacon Balls 190g** (Cheetos) – $3.99 ($2.10 per 100g) *While Stocks Last*
- **Light & Tangy 175g** (Thins) – $2.49 ($1.42 per 100g) *While Stocks Last*
- **Original Potato Chips 175g** (French Fries) – $2.49 ($1.42 per 100g) *While Stocks Last*
- **Natural Popcorn Lightly Salted Slightly Sweet 180g** (Cobs) – $2.69 ($1.49 per 100g) *While Stocks Last*
- **Cheese Supreme 500g** (Doritos) – $6.99 ($1.40 per 100g) *While Stocks Last*
- **Honey Soy Chicken Party Size 290g** (Red Rock Deli) – $4.49 ($1.55 per 100g) *While Stocks Last*
- **Sweet Chilli & Sour Cream Party Size 290g** (Red Rock Deli) – $4.49 ($1.55 per 100g) *While Stocks Last*
- **Mini's Sour Cream & Onion 30 Pack 570g** (Pringles) – $14.99 ($2.63 per 100g) *While Stocks Last*

#### Nuts & Confectionery
- **Cashews Roasted & Salted 1kg** (Forresters) – $16.99 ($16.99 per kg) *While Stocks Last*
- **Family Snack Mix 500g** (The Happy Nut) – $5.99 ($11.98 per kg) *While Stocks Last*
- **Dipped Pretzels 120g** (Reese's) – $6.99 ($5.83 per 100g) *While Stocks Last*
- **Mini Wagon Wheels 190g** (Arnott's) – $2.75 ($1.45 per 100g) *While Stocks Last*
- **Peanut Bucket 575g** (Mars) – $13.99 ($2.43 per 100g) *While Stocks Last*

#### Biltong
- **Mango & Chilli Biltong Slices 100g** (The Biltong Man) – $7.99 ($79.90 per kg) *While Stocks Last*
- **Salt & Vinegar Biltong Slices 100g** (The Biltong Man) – $7.99 ($79.90 per kg) *While Stocks Last*
- **Teriyaki Biltong Slices 100g** (The Biltong Man) – $7.99 ($79.90 per kg) *While Stocks Last*

#### Drinks
- **Coke Classic 36 Pack 375ml** (Coca-Cola) – $35.89 ($2.66 per L) *While Stocks Last*
- **Coke No Sugar 36 Pack 375ml** (Coca-Cola) – $35.89 ($2.66 per L) *While Stocks Last*
- **Coke Brands Variety Mini Cans 24 Pack 250ml** (Coca-Cola) – $23.99 ($4.00 per L) *While Stocks Last*
- **24 Pack 375ml** (Pepsi Max) – $22.49 ($2.50 per L) *While Stocks Last*
- **24 Pack 375ml** (Solo) – $22.49 ($2.50 per L) *While Stocks Last*
- **Lemonade 24 Pack 375ml** (Schweppes) – $22.49 ($2.50 per L) *While Stocks Last*
- **Mix It Up 6 Pack 375ml** (Bundaberg) – $8.99 ($4.00 per L) *While Stocks Last*
- **8 Pack 250ml** (Red Bull) – $13.99 ($7.00 per L) *While Stocks Last*

### Technology and Entertainment
- **75" 4K UHD WebOS TV** (Bauhn) – $799.00 *While Stocks Last*
- **CD Sound Machine** (Philips) – $69.99 *While Stocks Last*
- **Low Profile TV Wall Mount** (Bauhn) – $29.99 *While Stocks Last*
- **Assorted Clock Radio with Wireless Charging** (Bauhn) – $29.99 *While Stocks Last*
- **Assorted Powerboards** (Bauhn) – $39.99 *While Stocks Last*
- **Assorted Value Pack** (Duracell) – $14.99 (24 each, $0.62 per each) *While Stocks Last*
- **Assorted USB-C Rechargeable Batteries** (Activ Energy) – $14.99 (4 each, $3.75 per each) *While Stocks Last*

### Tools and DIY

#### Paint & Decorating
- **Ceiling Paint 10L** (Deco Craft) – $69.99 *While Stocks Last*
- **Outdoor Paint 4L** (Deco Craft) – $39.99 ($10.00 per L) *While Stocks Last*
- **4L Primer/Sealer/Undercoat** (Deco Craft) – $49.99 *While Stocks Last*
- **Deck and Furniture Oil 4L** (Deco Craft) – $44.99 *While Stocks Last*
- **Paint Brush Set 5 Piece Set** (Deco Craft) – $9.99 *While Stocks Last*
- **Roller Covers 10 Pack** (Deco Craft) – $9.99 *While Stocks Last*
- **Assorted Paint Drop Sheets** (Deco Style) – $14.99 (1 each) *While Stocks Last*
- **Assorted Tape** (Deco Craft) – $5.99 *While Stocks Last*
- **Assorted Sand Paper Rolls 5m** (Deco Craft) – $9.99 *While Stocks Last*
- **Paint Spray Station** (Ferrex) – $249.00 *While Stocks Last*

#### Power Tools & Equipment
- **Safety Ladder with Deep Steps** (Workzone) – $79.99 *While Stocks Last*
- **DIY Home Essentials Kit** (Ferrex) – $29.99 *While Stocks Last*
- **Wet & Dry Vacuum 20L** (Ferrex) – $59.99 *While Stocks Last*
- **Cordless Multifunctional Scrubber** (Ferrex) – $29.99 *While Stocks Last*
- **High Pressure Washer** (Ferrex) – $149.00 *While Stocks Last*
- **16V Cordless Drill Kit** (Ferrex) – $29.99 *While Stocks Last*
- **Assorted Power Tools** (Ferrex) – $29.99 *While Stocks Last*

#### Hardware & Accessories
- **Assorted Tiling Tool Set** (Workzone) – $12.99 *While Stocks Last*
- **Assorted DIY Kits** (Workzone) – $4.99 *While Stocks Last*
- **Assorted Kitchen Mixer Tap** (Ambiano) – $79.99 *While Stocks Last*

## Additional Products - Sale Wed 01 Oct

### Alcohol
- **Bourbon 700mL** (BEARDED LADY) – $39.99
- **Whisky 700mL** (COPPER DOG) – $54.99
- **Classic Vodka 700ml** (INVENTUM DISTILLING) – $39.99
- **Classic Gin 700mL** (EAST POLE) – $36.99
- **Japanese Premium Beer 6 Pack** (KIRIN ICHIBAN) – $16.99
- **Pale Ale 4 Pack** (LITTLE CREATURES) – $16.99
- **Gold Lager 12 Pack** – $24.99
- **Ultra Low Carb Lager 6 Pack 330ml** (PURE BLONDE) – $16.99
- **Non Alcoholic Beer 4pk** (BRAND MISSING) – $6.99

### Baby & Kids Products
- **Baby Water Wipes 6x80 Pack** (MAMIA) – $12.99 (480 each, $2.71 per 100 each)
- **Assorted Children's Utensils and Travel Case** (MELII) – $5.99
- **Baby Travel Assortment** (MELII) – $5.99
- **Assorted Baby Toothbrush** (FISHER PRICE) – $2.99
- **Assorted Tritan Drink Bottle** (B.BOX) – $16.99
- **Assorted Snack Container 2 Compartment** (B.BOX) – $9.99
- **Assorted Children's Travel Toilet Seat** (EASY HOME) – $9.99
- **Assorted Reusable Swim Pant 5-15kg** (BRANDED) – $19.99

### Children's Clothing & Textiles
- **Assorted Children's 2 Piece Set** (LILY & DAN) – $14.99
- **Assorted Infant Outfit** (LILY & DAN) – $9.99
- **Assorted Children's Swim Set** (LILY & DAN) – $14.99
- **Assorted Children's Dress** (LILY & DAN) – $14.99
- **Assorted Children's PJ Set** (LILY & DAN) – $9.99
- **Assorted Children's Leather Sandals** (LILY & DAN) – $14.99
- **Assorted Children's Beach Poncho** (KIRKTON HOUSE) – $14.99

### Home & Bedding
- **Kids Bookshelf** (SOHL) – $39.99
- **Assorted Glow in the Dark Rug** (KIDS BY KIRKTON HOUSE) – $14.99
- **Assorted Glow in the Dark Quilt Cover Set - Single Size** (KIDS BY KIRKTON HOUSE) – $24.99
- **Assorted Memory Foam Rug** (KIDS BY KIRKTON HOUSE) – $129.00
- **Assorted Cotton Waffle Blanket** (KIRKTON HOUSE) – $39.99
- **Assorted Children's Licensed Sheet Set King Single Size** (LICENSED) – $39.99
- **Assorted Children's Licensed Sheet Set Single Size** (LICENSED) – $34.99
- **Assorted Children's Licensed Quilt Cover Set Double Size** (LICENSED) – $44.99
- **Assorted Children's Licensed Quilt Cover Set Single Size** (LICENSED) – $34.99

### Food & Specialty Items
- **Thai Red Duck Curry 400g** (LUV-A-DUCK) – $11.99 (0.4 kg, $29.98 per 1 kg)
- **Juniors First Aid 28 Piece Kit** (ST JOHN) – $6.99 (28 each, $0.25 per 1 each)
- **Assorted Children's Snacking Containers** (CROFTON) – $3.99

---

## Available from Wed 8th October (53 Products)

### Branded Specials

#### Coffee & Instant Beverages
- **Classic Instant Coffee Dark Roast 400g** (MOCCONA) – $25.99 (400g, $6.50 per 100g)
- **Classic Instant Coffee Espresso 400g** (MOCCONA) – $25.99 (400g, $6.50 per 100g)

#### Biscuits & Confectionery
- **Choc Ripple 250g** (ARNOTT'S) – $2.49 (250g, $1.00 per 100g)
- **Butternut Snap 250g** (ARNOTT'S) – $2.49 (250g, $1.00 per 100g)
- **Nerds 141g** (NERDS) – $3.49 (141.7g, $2.46 per 100g)
- **Original Liquorice 275g** (DARRELL LEA) – $2.99 (275g, $1.09 per 100g)
- **Milkyway Share Pack 28 Pack 336g** (MARS) – $7.49 (336g, $2.23 per 100g)

#### Nuts & Snacks
- **Bar Mix 375g** (FORRESTERS) – $4.79 (0.375kg, $12.77 per kg)
- **Diced Walnuts 250g** (FORRESTERS) – $4.99 (0.25kg, $19.96 per kg)
- **Crushed Macadamias 120g** (FORRESTERS) – $4.49
- **Pistachio Kernels 100g** (FORRESTERS) – $4.49
- **Blanched Hazelnuts 150g** (FORRESTERS) – $4.49
- **BBQ Infused Entertainers Mix 700g** (THE HAPPY NUT) – $9.99 (0.7kg, $14.27 per kg)
- **Honey Roasted Mixed Nuts 900g** (THE HAPPY NUT) – $9.99 (0.9kg, $11.10 per kg)

#### Dried Fruit & Baking Ingredients
- **Brandy Mixed Fruit 800g** (SWEET VINE) – $8.99 (0.8kg, $11.24 per kg)
- **Mixed Dried Fruit 1kg** (SWEET VINE) – $6.99 (1kg, $6.99 per kg)
- **Raisins 1kg** (WHITWORTHS) – $9.99 (1kg, $9.99 per kg)
- **Almond Meal 1kg** (OH SO NATURAL WHOLEFOODS) – $15.99 (1kg, $15.99 per kg)

#### Pantry & Rice
- **Microwave Sticky Rice 250g** (TILDA) – $2.99 (250g, $1.20 per 100g)
- **Pearl Couscous 300g** (SAN REMO) – $2.99 (300g, $1.00 per 100g)
- **Microwave Popcorn 4 Pack 400g** (POPPIN) – $4.99 (400g, $1.25 per 100g)

#### Baking Spices
- **Baking Spices 255g-270g** (THE GOURMET COLLECTION) – $4.99 (255g-275g, $0.18-$0.20 per 10g)

### Health & Beauty

#### Personal Care
- **Womens Razor Value Pack** (SCHICK) – $23.99
- **Liquid Hand Wash 3 Pack 250ml** (PALMOLIVE) – $5.99 (750ml, $0.80 per 100ml)
- **Liquid Hand Wash Refill 1L** (PALMOLIVE) – $3.79 (1,000ml, $0.38 per 100ml)
- **Body Wash 1L** (PALMOLIVE) – $5.99 (1,000ml, $0.60 per 100ml)
- **Soft Moisturising Cream 300ml** (NIVEA) – $8.99 (300ml, $3.00 per 100ml)
- **Assorted Shampoo & Conditioner 2 Pack 940ml** (TRESEMME) – $18.99 (1,880ml, $1.01 per 100ml)

#### Oral Care
- **Max Fresh Toothpaste 3 Pack 200g** (COLGATE) – $14.99 (600g, $2.50 per 100g)
- **Zig Zag Toothbrushes 6 Pack** (COLGATE) – $5.99 (6 each, $1.00 per each)

#### Health Supplements
- **Daily Greens 500g** (MELROSE) – $24.99 (500g, $5.00 per 100g)

### Household

#### Laundry
- **Advanced Clean Laundry Liquid 2L** (COLD POWER) – $11.49 (2L, $5.75 per L)

### Limited Time Only Meat

#### Chicken
- **RSPCA Approved Chicken Breast Steaks 400g** (FREEDOM FARMS) – $7.49 (0.4kg, $18.73 per kg)

#### Beef
- **Beef Brisket** (READY, SET…COOK!) – $17.45 (approx. 0.97 ea per package, $17.99 per kg)

#### Seafood
- **Yellow Curry Salmon 4 Pack 500g** (THE FISHMONGER) – $16.99 (0.5kg, $33.98 per kg)

### Electric Appliances and White Goods

#### Kitchen Appliances
- **Espresso and Cappuccino Maker with Grinder** (DE'LONGHI) – $429.00
- **Classic Stand Mixer** (AMBIANO) – $69.99
- **Hand Mixer & Food Chopper** (AMBIANO) – $18.99
- **3.5 L Airfryer** (AMBIANO) – $49.99
- **Vacuum Food Sealer** (AMBIANO) – $39.99
- **Digital Kitchen Scales** (AMBIANO) – $9.99

#### Large Appliances
- **Mini Fridge 43L** (STIRLING) – $149.00
- **Freezer Chest 198L** (STIRLING) – $299.00

#### Cleaning Appliances
- **Wet and Dry Vacuum Cleaner** (BRANDED) – $299.00

### Kitchen Accessories

#### Baking & Storage
- **Wood and Stainless Steel Baking Accessories** (CROFTON) – $8.99
- **Bundt Pans or Trays** (CROFTON) – $16.99
- **Baking Accessories** (CROFTON) – $4.99
- **Vacuum Food Sealer Rolls** (AMBIANO) – $14.99
- **Vacuum Food Sealer Bags** (AMBIANO) – $14.99

#### Christmas & Seasonal
- **Christmas Kitchen Accessories** (JOIE) – $4.49

#### Textiles
- **Deluxe Cotton Tea Towel** (PEPPERTREE) – $4.99

---


## Available from Wed 15th October (56 Products)

### Liquor
- **Pils Bottle 500mL** (FELDSCHLOESSCHEN) - $3.99
- **Wheat Beer Bottle 500mL** (FELDSCHLOESSCHEN) - $3.99
- **Christmas Pudding Country Cream 700mL** (O'DONNELLS) - $14.99
- **Southern Comfort 1L** (SOUTHERN COMFORT) - $59.99

### Halloween Food
- **Kit Kat 50 Pack/700g** (NESTLE) - $18.99 (700g, $2.71 per 100g)
- **Sharepack 216g** (CADBURY) - $6.99 (216g, $3.24 per 100g)

### Tools and DIY
- **20V 8.0Ah Battery** (XFINITY PLUS) - $99.99
- **20V Mini Chainsaw Skin** (FERREX) - $49.99

---

---

## Available from Wed 22nd October (63 Products)

### Branded Specials

#### Snacks
- **Shapes Cheese & Bacon 180g** (ARNOTT'S) - $1.99 (180g, $1.11 per 100g)
- **Shapes Cheddar 175g** (ARNOTT'S) - $1.99 (175g, $1.14 per 100g)
- **Honey Glazed Ham 150g** (THINS) - $2.99 (150g, $1.99 per 100g)

#### Meals
- **Honey Mustard Pork Kiev** (PC PETITE CUISINE) - $9.99 (0.44kg, $22.70 per kg)

### Beauty

#### Hair Care
- **Purple Shampoo or Conditioner 600ml** (TONI & GUY) - $14.99 (600ml, $2.50 per 100ml)
- **Dry Shampoo 250ml** (TONI & GUY) - $9.49 (147g, $6.46 per 100g)
- **3 in 1 Hair Mask 400ml** (NATURES ESSENCE) - $4.99 (400ml, $1.25 per 100ml)
- **Bond Repair Assorted 50-385ml** (OGX) - $12.49 (385ml, $3.24 per 100ml)
- **Hair Brush - Assorted designs** (PROTANE) - $7.99
- **Silk Scrunchies** (PROTANE) - $10.99

#### Skin Care & Beauty
- **Summer Touch BB Cushion Compact with SPF 15** (LACURA) - $12.99 (15g, $8.66 per 10g)
- **Summer Touch Booty Balm 250ml** (LACURA) - $9.99 (250ml, $4.00 per 100ml)
- **Summer Touch Body Mist 100ml** (LACURA) - $7.99 (100ml, $7.99 per 100ml)
- **Hand or Foot Masks Assorted** (EPIELLE) - $4.99 (24g, $20.79 per 100g)

### Household Specials

#### Cleaning
- **Bathroom Kit** (KOH) - $39.99
- **Dettol** (DETTOL) - $19.99
- **Drain Cleaner Crystals 500g** (POWER FORCE) - $6.49 (500g, $1.30 per 100g)
- **Cloth Wipes Bulk 50 Pack** (POWER FORCE) - $3.99 (1 each, $3.99 per each)
- **Dishwashing Additives 3 Pack** (FINISH) - $14.99 (1,500ml, $1.00 per 100ml)
- **Kitchen Tidy or Garbage Bags** (POWER FORCE) - $9.99

#### Personal Care
- **Antibacterial Foaming Hand Wash 2L** (TRICARE) - $5.99 (2,000ml, $0.30 per 100ml)

### Nutritional Supplements
- **Supplement Powders** (ONSET) - $19.99 (300g, $6.66 per 100g) - Multiple varieties
- **Supplement Powders** (ONSET) - $19.99 (600g, $3.33 per 100g) - Multiple varieties
- **Grass Fed Whey 500g** (PROTEIN SUPPLIES AUSTRALIA) - $29.99 - Multiple varieties

### Electric Appliances and White Goods
- **Ionic Hairdryer** (AMBIANO) - $24.99
- **Hot Air Brush** (AMBIANO) - $34.99
- **Retro Desk Fan** (AMBIANO) - $39.99
- **Metal Pedestal Fan** (AMBIANO) - $59.99

### Storage and Home
- **Non Slip Mat Bulk Pack** (EASY HOME) - $8.99
- **One Touch Family Box** (ENERGIZER) - $12.99 (16 each, $0.81 per each)

---


## Available from Sat 25th October (51 Products)

### Pool Care

#### Pool Cleaning & Maintenance
- **Pool Cleaner Automatic** (POWER FORCE) - $79.99
- **Solar Pool Light Thermometer** (POWER FORCE) - $12.99
- **Leaf Rake** (POWER FORCE) - $9.99
- **Digital Water Tester** (CASALUX) - $39.99
- **Pool Cover** (POWER FORCE) - $199.00
- **Telescopic Pool Pole** (POWER FORCE) - $19.99
- **Pool Lights 2 Pack** (CASALUX) - $14.99
- **Pool Cover Reel** (POWER FORCE) - $179.00
- **Pool Chemicals 1.5-2kg** (POWER FORCE) - $8.99 (2kg, $4.50 per kg)
- **Pool Cleaning Chemicals 1L** (POWER FORCE) - $8.99 (1L, $8.99 per L)
- **Pool Hose 10m** (POWER FORCE) - $39.99
- **Pool Brushes** (POWER FORCE) - $11.99
- **Pool Accessories** (POWER FORCE) - $7.99

#### Pool Furniture & Accessories
- **LED Fountain Light** (CASALUX) - $39.99
- **Solar Shower** (BELAVI) - $99.99
- **Motorised Deluxe Pool Lounger** (CRANE) - $99.99

### Kids Toys and Books

#### Outdoor Toys
- **Bubble Ball** (CRANE) - $49.99
- **Splash Table** (STEP2) - $99.00
- **Bunch O'Balloons** (ZURU) - $8.99
- **Activity Tent** (FINDON) - $27.99
- **Summer Games** (CRANE) - $4.99
- **Stunt Kite** (FINDON) - $9.99
- **Tilt & Turn Scooter** (FINDON) - $29.99
- **Bubble Assortment** (FINDON) - $2.99
- **Swingball or Pickleball** (SLINGSHOT SWINGBALL) - $29.99
- **Mini Truck 4 Pack or RC Tower Crane** (JCB) - $29.99

### Tableware

#### Dinnerware
- **Ceramic Servingware 1 Pack** (CROFTON) - $14.99
- **Ceramic Dinnerware 2 Pack** (CROFTON) - $6.99
- **Melamine Dinnerware 2 Pack** (CROFTON) - $5.99
- **20 Piece Cutlery Set** (CROFTON) - $24.99
- **Drinks Dispenser** (CROFTON) - $29.99
- **Melamine Servingware 1 Pack** (CROFTON) - $8.99
- **Serving Trays or Tissue Box Covers** (CROFTON) - $29.99
- **Natural Rattan Serving Tray or Cutlery Caddy** (CROFTON) - $24.99
- **Coasters 4 Pack, Napkin Rings 3 Pack or Placemat 1 Pack** (CROFTON) - $14.99
- **Glass Drinkware 2 Pack** (CROFTON) - $12.99

#### Table Linens
- **Printed Tablecloth** (PEPPERTREE) - $14.99

### Clothing

#### Women's Clothing & Underwear
- **Satin PJ Set** (SERRA) - $14.99
- **Bra 2 Pack** (SERRA) - $15.99
- **Briefs 5 Pack** (SERRA) - $15.99
- **Women's Slides** - $34.99

#### Men's Clothing & Underwear
- **Modal Blend PJ Set** (WEST BAY) - $12.99
- **Modal Blend Trunks 2 Pack** (WEST BAY) - $9.99
- **Modal Blend Briefs 3 Pack** (WEST BAY) - $9.99

#### Children's Clothing
- **Children's Slides** - $29.99

### Home Decor & Furniture
- **Hampton Drink Trolley** (SOHL) - $79.99
- **Rug** (KIRKTON HOUSE) - $109.00
- **Tapestry Wall Blanket** (KIRKTON HOUSE) - $34.99

### Household
- **Enduro Shield** (ENDURO SHIELD) - $24.99

---

## Available from Wed 29th October (71 Products)

### Liquor

#### Spirits
- **Vodka 700mL** (KETEL ONE) - $54.99
- **Triple Sec Liqueur 500mL** (VOK) - $19.99
- **Sunset Gin 700mL** (BOMBAY SAPPHIRE) - $49.99
- **Bourbon** (BRANDED) - $52.99
- **12 Year Old Scotch Whisky** (DIMPLE) - $53.99

#### Wine
- **Chardonnay Cleanskins 6 Pack 750mL** (SIX OF ONE) - $15.99

#### Beer
- **Heineken Lager 6 Pack** (HEINEKEN) - $21.99

### Limited Time Only Meat
- **Marinated Pork Fillet** (KR CASTLEMAINE EST. 1911) - $11.39 (approx. 0.6 ea per package, $18.99 per kg)
- **Chicken Parmi Balls 480g** (PC PETITE CUISINE) - $8.49 (0.48kg, $17.69 per kg)
- **Free Range Maryland Fillet per kg** (BROAD OAK FARMS) - $17.49 (approx. 1.25 ea per package, $13.99 per kg)

### Christmas

#### Christmas Trees
- **Henley Pre-lit Christmas Tree 6ft (182cm)** (25TH AVENUE) - $89.99
- **Luxury Pre-lit Christmas Tree 7ft (213cm)** (25TH AVENUE) - $149.00

#### Christmas Decorations
- **Belfont Garland or Wreath** (25TH AVENUE) - $34.99
- **Bulk Baubles 50 Pack** (25TH AVENUE) - $8.99
- **Assorted Standing Decorations** (25TH AVENUE) - $24.99
- **2pc Wicker Tree Collar** (25TH AVENUE) - $29.99
- **LED Light Tree** (25TH AVENUE) - $19.99
- **Assorted LED Christmas Tree Animation** (25TH AVENUE) - $19.99
- **Premium Tree Decorations** (25TH AVENUE) - $4.99

#### Christmas Train & Sets
- **Large Christmas Train Set 45pc** (25TH AVENUE) - $79.99

#### Christmas Outdoor Lights & Decorations
- **Laser Solar Light Projector** (CASALIFE) - $39.99
- **LED Solar Acrylic Look Reindeer Light** - $49.99
- **LED Solar Rope Light Motif** (CASALIFE) - $39.99
- **LED Solar Spiral Rope Light Tree** (CASALIFE) - $29.99
- **LED Solar Rainfall Tube Lights** (CASALIFE) - $14.99
- **150pk LED Solar Novelty Lights** (CASALIFE) - $12.99
- **Solar Light-Up Character** (CASALIFE) - $19.99
- **LED Christmas Wire Decoration** (CASALIFE) - $19.99
- **Reindeer Light** (CASALIFE) - $29.99
- **LED Solar Path Lights 4 Pack** (CASALIFE) - $14.99
- **Christmas Inflatable Character 1.2m** (CASALIFE) - $19.99
- **LED Solar Mini Novelty Path Lights 4 Pack** (CASALIFE) - $19.99
- **LED Solar Character Stake Lights** (CASALIFE) - $14.99

#### Christmas Indoor Lights
- **LED Battery Lights** (CASALIFE) - $3.99
- **LED String Lights** (CASALIFE) - $4.99
- **1000 Pack LED Fairy Lights** (CASALIFE) - $29.99
- **500 Pack LED Solar or Low Voltage Fairy Lights** (CASALIFE) - $17.99
- **150 Pack LED Net or Curtain Lights** (CASALIFE) - $14.99
- **500 Pack LED Solar or Low Voltage Icicle Lights** (CASALIFE) - $17.99

#### Christmas Storage
- **Assorted Christmas Storage Bags** (EASY HOME) - $9.99

### Kids Toys and Books

#### Slot Cars & Racing
- **Nintendo Mario Kart Slot Car Set** (CARRERA) - $99.99

#### Creative & Craft Toys
- **Spirograph** (SPIROGRAPH) - $16.99
- **Assorted Felt Creations** (BRANDED) - $6.99 (Multiple varieties)

#### Licensed Toys
- **Assorted My Little Pony** (LICENSED) - $19.99
- **Assorted Retro Plush** (LICENSED) - $19.99

#### Classic & Retro Toys
- **Claw Machine** (FINDON) - $49.99
- **Assorted Classic Games** (WORLD'S SMALLEST) - $6.99
- **Assorted Small Retro Toys** (FISHER PRICE) - $19.99
- **Assorted Cupcake Dolls** (BRANDED) - $9.99
- **Mr Potato Head** (HASBRO) - $14.99
- **Assorted Die Cast Small Model Cars** (WELLY) - $2.49
- **Assorted Retro Toys** (FINDON) - $3.99
- **Assorted Classic Metal Toys** (FINDON) - $14.99
- **Assorted Whack-A-Mole Game** (BLADEZ) - $19.99

### Health

#### Personal Care
- **6 Blade Razor System Kit** (LACURA ESSENTIALS) - $9.99

#### Pain Relief
- **Nerve Stimulator (TENS) Device** (THERMOSKIN) - $24.99

#### Supplements
- **Premium Supplements Bundle** (TUMME) - $37.99
- **Epsom Salt 3kg Pouch** (ESSENTIAL HEALTH) - $10.99

#### Bath Accessories
- **Assorted Beauty Bath Accessories** (LACURA) - $2.99

#### Skin Care
- **Skin Science Glycolic Radiance Body Scrub 200g** (LACURA SKIN SCIENCE) - $7.99 (10.66kg, $0.75 per kg)
- **Assorted Skin Science Glycolic Radiance Face Care** (LACURA) - $10.99 (50ml, $21.98 per 100ml) - Multiple varieties
- **Assorted Skin Science Glycolic Radiance Face Care** (LACURA) - $10.99 (30ml, $36.63 per 100ml)

#### Hair Care
- **Assorted Hair Radiance Hair Care with Glycolic Acid** (PROTANE) - $6.99

### Sporting Goods

#### Golf
- **Golf Putting Mat** (CRANE) - $34.99

#### Fitness Clothing
- **Assorted Women's Fitness Shorts** (CRANE PERFORMANCE) - $12.99
- **Assorted Women's Fitness Socks 3 Pack** (CRANE) - $6.99

#### Sports Equipment
- **Assorted Running Water Bottle** (CROFTON) - $9.99
- **Assorted Sports Combo** (CRANE) - $19.99

---
# Available from Sat 1st November (39 Products)

### Chocolate & Advent Calendars

#### Chocolate Advent Calendars
- **Dairy Milk Advent Calendar** (CADBURY) - $4.99 (90g, $5.54 per 100g)
- **Advent Calendar** (CHUPA CHUPS) - $7.99 (192g, $4.16 per 100g)
- **Gummi Advent Calendar** (TROLLI) - $3.99 (75g, $5.32 per 100g)
- **Sour Advent Calendar** (WARHEADS) - $4.49 (108g, $4.16 per 100g)
- **Assorted Advent Calendar** (LICENSED) - $4.49 (40g, $1.12 per 10g) - Multiple varieties

#### Other Advent Calendars
- **Candle Advent Calendar** - $49.99
- **Bluey Advent Calendar** (BRANDED) - $29.99
- **Assorted Kid's Licensed Advent Calendar** (SCHOLASTIC) - $19.99
- **Assorted Adult Mini Puzzle Advent Calendar** (FINDON) - $14.99

### Pet

#### Cat Food
- **Cat Food Jumbo Pack 48 Pack 85g** (FELIX) - $32.99 (4,080g, $0.81 per 100g)
- **Poultry & Beef Grilled Collection Cat Food 36 Pack 85g** (FANCY FEAST) - $32.99 (3,060g, $1.08 per 100g)

#### Dog Treats
- **Milky Sticks 400g** (JULIUS) - $10.99 (400g, $2.75 per 100g)

#### Dog Toys & Accessories
- **Assorted Dog Cool Pad** (PETPLAY) - $11.99
- **Assorted Snuffle Toy Assortment** (PETPLAY) - $14.99
- **Assorted Pet Pool with Sprinkler** (PETPLAY) - $16.99
- **Assorted Memory Foam Dog Mat** (PETPLAY) - $29.99
- **Assorted Tough Chew Toys** (PETPLAY) - $7.99
- **Assorted Dog Harness with LED Light** (PETPLAY) - $19.99
- **Assorted Tough Dog Toy** (PETPLAY) - $6.99

### Clothing

#### Women's Clothing
- **Assorted Women's Comfort Shoes** (SERRA) - $14.99
- **Assorted Women's Suede Mules** (SERRA) - $19.99
- **Assorted Women's Viscose Linen Vest** (SERRA) - $16.99
- **Assorted Women's Viscose Linen Pants** (SERRA) - $18.99
- **Assorted Women's Viscose Linen Shorts** (SERRA) - $12.99
- **Assorted Women's Seamless Bra** (SERRA) - $8.99
- **Assorted Women's Seamless Underwear 3 Pack** (SERRA) - $8.99 - Multiple varieties
- **Assorted Women's Relaxed Knit Top** (SERRA) - $14.99
- **Assorted Women's Relaxed Knit Pant** (SERRA) - $19.99

#### Children's Clothing & Accessories
- **Assorted Children's Sunglasses** (LYTE.) - $6.99 - Multiple varieties
- **Assorted Children's Licensed Underwear** (LICENSED) - $13.99 - Multiple varieties
- **Assorted Children's Socks 5 Pack** (L&D) - $4.99
- **Assorted Children's Suede Mules** (LILY & DAN) - $14.99

---

## Available from Wed 5th November (37 Products)

### Branded Specials

#### Biscuits & Snacks
- **Choc Coated 197g** (OREO) - $2.75 (197g, $1.40 per 100g)
- **Sesame Wheat 250g** (ARNOTT'S) - $3.49 (250g, $1.40 per 100g)

#### Beverages
- **Iced Coffee Syrup Original 500mL** (BICKFORD'S) - $5.49 (500ml, $1.10 per 100ml)
- **Soft Drink 24 Pack 375ml** (SPRITE) - $22.49 (9L, $2.50 per L)

#### Pantry
- **Three Cheese Potato Bake 21g** (MAGGI) - $1.59 (21g, $7.57 per 100g)

### Limited Time Only Meat

#### Chicken
- **RSPCA Approved Chicken Patties 500g** (READY, SET…COOK!) - $5.49 (0.5kg, $10.98 per kg)
- **RSPCA Approved Chicken Tenderloins Bulk Pack** (BROAD OAK FARMS) - $12.49 (approx. 1 ea per package, $12.49 per kg)

#### Beef
- **New York Strip Portion** (JINDURRA STATION) - $23.99 (approx. 0.8 ea per package, $23.99 per kg)
- **Beef Bulgogi Style Strips** (BRUEMAR) - $9.20 (approx. 0.4 ea per package, $22.99 per kg)

### Christmas Collectables

#### Lemax Village Collections
- **Collectable Figurines** (LEMAX) - $19.99
- **Collectable Figurines** (LEMAX) - $9.99
- **Single Characters** (LEMAX) - $5.99
- **Village Scenes** (LEMAX) - $39.99
- **Table Accents** (LEMAX) - $19.99
- **Collectors Kits** (LEMAX) - $99.99

#### Christmas Decorations & Toys
- **Christmas Collectable Minis** (25TH AVENUE) - $19.99
- **Lionel Christmas Train Set** (LIONEL) - $59.99
- **Extendable Christmas Figure** (HOME CREATION) - $14.99

#### Christmas Plush & Toys
- **Squishee's Christmas** (SQUISHEES) - $9.99
- **Mini Plush** (SQUISHEES) - $5.99

### Disney Christmas Collectables

#### Disney Toys & Plush
- **Large Disney Plush** (LICENSED) - $19.99
- **Disney Lunch Bag** (ZAK!) - $15.99

#### Disney Books & Crafts
- **Disney Craft** (LICENSED) - $3.99
- **Licensed Children's Activity Books** (PHIDAL) - $12.99

### Kids Christmas Craft and Activities

#### Craft & Activity Kits
- **Rock Painting Kit** (BRANDED) - $8.99
- **Christmas Craft** (CREATIVE PLACE) - $3.99
- **Paint Your Own Christmas Craft** (CREATIVE PLACE) - $3.99
- **Marble Figures** (PROJECT CRAFT) - $9.99
- **Colour Your Own T-Shirt** - $9.99

#### Books & Games
- **Hardcover Picture Books** - $3.99
- **Activity Sticker Books** - $4.99
- **Licensed Christmas Storybooks** (PENGUIN) - $5.99
- **Festive Family Games** (FINDON) - $2.99

#### Christmas Decorations & Ornaments
- **Licensed Hanging Ornament** (LICENSED) - $7.99

#### Table & Party
- **Children's Colouring Tablecloth** (PEPPERTREE) - $19.99

### Clothing

#### Christmas Pajamas
- **Adults Christmas PJ Set** (LICENSED) - $19.99
- **Infants or Children's PJ Set** (LICENSED) - $14.99

---
## Available from Sat 8th November (30 Products)

### Electric Appliances and White Goods

#### Kitchen Appliances
- **6.5L Air Fryer** (AMBIANO) - $59.99
- **Induction Cooking Plate** (AMBIANO) - $49.99
- **12 Place Stainless Steel Dishwasher** (STIRLING) - $349.00
- **Upright Refrigerator 242L** (STIRLING) - $299.00
- **168L Upright Freezer** (STIRLING) - $299.00

#### Cleaning Appliances
- **2-in-1 Cordless Vacuum Cleaner** (AMBIANO) - $69.99

### Gardening

#### Garden Beds & Storage
- **Vegetable Garden Bed** (GARDENLINE) - $24.99
- **Garden Storage Box** (BELAVI) - $69.99
- **Dropover Greenhouse** (GARDENLINE) - $29.99

#### Garden Tools & Equipment
- **High Pressure Washer 1600W** (FERREX) - $89.99
- **Aqua-tuff Garden Hose 20m** (GARDENLINE) - $19.99
- **Telescopic Hedge Shears** (GARDENLINE) - $18.99
- **Premium Garden Gloves** (GARDENLINE) - $8.99
- **Garden Hand Tools** (GARDENLINE) - $4.99
- **Assorted Pruning Shears** (GARDENLINE) - $5.99
- **Assorted Spray Nozzles or Sprinklers** (GARDENLINE) - $8.99
- **12 Inch Self-Watering Planter** (BELAVI) - $5.99
- **Assorted Packet Seeds** (GARDENLINE) - $1.39

### Tools and DIY

#### Tool Sets & Equipment
- **Screwdriver and Bit Set 100 Piece** (WORKZONE) - $27.99
- **Mini Spirit Level Set 4pc** (WORKZONE) - $6.99
- **Assorted Multi-Tools** (WORKZONE) - $17.99
- **Ratchet Wrench 5 Piece or Ratchet Spanner 5 Piece** (WORKZONE) - $17.99
- **Special Drill Sets** (FERREX) - $12.99
- **Socket and Bit Sets** (WORKZONE) - $29.99

#### Lighting & Security
- **Decoy Security Camera Light** (CASALUX) - $16.99
- **Extendable LED Torch** (WORKZONE) - $19.99
- **Solar Outdoor Light** (CASALUX) - $9.99

#### Hardware & Accessories
- **Assorted Tapes** (WORKZONE) - $4.99
- **Cable Ties** (WORKZONE) - $7.99

### Household

#### Home Accessories
- **Structured Door Mat** (KIRKTON HOUSE) - $11.99

---

---

## Available from Sat 15th November (20 Products)

### Automotive

#### Car Accessories & Maintenance
- **Bungee Cord Set** (RIDE+GO) - $4.99
- **Car Repair Kit Scratch Remover** (RIDE+GO) - $14.99
- **Assorted Car Accessories** (RIDE+GO) - $9.99
- **Assorted Mesh Cargo Net** (AUTO XS) - $29.99
- **Car Boot Tidy Assortment** (RIDE+GO) - $9.99

### Kids Toys and Books

#### Educational Toys
- **My First Christmas Tree** (BRANDED) - $79.99
- **Baby Einstein Assortment** (HAPE) - $19.99

#### RC Cars & Vehicles
- **Assorted 1:18 Scale F1 RC Car** (MAISTO) - $29.99
- **Assorted Die Cast Car with Trailer** (WELLY) - $9.99

#### Dolls & Playsets
- **Sylvania Family Assortment** (SYLVANIAN FAMILIES) - $16.99
- **Assorted Hug a Lumps** (ZURU) - $19.99
- **Steffi Playset Assortment** (BRANDED) - $14.99

#### Building & Construction Toys
- **Assorted Brickcraft Retro Brick Sets** (BRANDED) - $39.99

#### Interactive & Novelty Toys
- **Assorted Toy Vending Machine** (FINDON) - $6.99
- **Assorted Zuru Robo Alive Mix** (ZURU) - $14.99

---

## Available from Wed 19th November (30 Products)

### Electric Appliances and White Goods

#### Cooling & Air Conditioning
- **0.9kW Portable Air conditioner** (STIRLING) - $229.00
- **Bladeless Fan** (AMBIANO) - $89.99
- **Pedestal Fan with Remote** (AMBIANO) - $34.99
- **Air Circulator Fan** (AMBIANO) - $69.99
- **Rechargeable Fan with Remote** (AMBIANO) - $29.99
- **Compact Folding Fan** (AMBIANO) - $24.99

### Bedroom

#### Bedding Sets
- **Quilt Cover Set - Queen Size** (KIRKTON HOUSE) - $49.99
- **Quilt Cover Set - King Size** (KIRKTON HOUSE) - $59.99
- **Quilted Coverlet Set Queen or King Size** (KIRKTON HOUSE) - $69.99
- **Australian Cotton Sheet Sets - Queen Size** (KIRKTON HOUSE) - $39.99
- **Australian Cotton Sheet Sets - King Size** (KIRKTON HOUSE) - $49.99

#### Pillows
- **Cooling Pressure Relief TPE Pillow** (KIRKTON HOUSE) - $44.99
- **Cooling Pillow Protector** (KIRKTON HOUSE) - $9.99

### Household Specials

#### Bath Towels & Linens
- **Hand Towel** (KIRKTON HOUSE) - $4.99
- **Bath Towel** (KIRKTON HOUSE) - $12.99
- **Bath Mat** (KIRKTON HOUSE) - $19.99
- **Bath Sheet** (KIRKTON HOUSE) - $19.99

### Limited Time Only Meat

#### Chicken & Seafood
- **Sweet Chilli Chicken Tenders 440g** (INGHAM'S) - $6.99 (0.44kg, $15.89 per kg)
- **Fresh Cooked Aussie Tiger Prawns 475g** (TASSAL) - $14.99 (0.475kg, $31.56 per kg)

#### Beef
- **Beef Tomahawk Steak** (SPECIALLY SELECTED) - $52.79 (approx. 1.2kg per package, $52.79 per kg)

### Pantry Food

#### Condiments & Sauces
- **Original Fine Dijon Mustard 265g** (MAILLE) - $5.89 (265g, $2.22 per 100g)
- **Hollandaise Sauce 185g** (BRANDED) - $5.49
- **Horseradish Cream 175g** (MASTERFOODS) - $2.99 (175g, $1.71 per 100g)
- **Garlic Infused Extra Virgin Olive Oil 375ml** (COBRAM ESTATE) - $11.99 (375ml, $3.20 per 100ml)

#### Baking Supplies
- **Milk Choc Melts 375g** (NESTLE) - $7.99
- **Vanilla Flavoured Frosting 400g** (BETTY CROCKER) - $4.99 (400g, $1.25 per 100g)
- **Food Colours 4 Pack 40ml** (THE CREATIVE KITCHEN) - $2.99 (40ml, $0.75 per 10ml)
- **Pastel Food Colours 4 Pack 40ml** (THE CREATIVE KITCHEN) - $2.99 (40ml, $0.75 per 10ml)
- **Sprinkle Compartment Jar 133-165g** (THE CREATIVE KITCHEN) - $2.99
- **Sanding Sugar Compartment Jar 133-165g** (THE CREATIVE KITCHEN) - $2.99

---

## Available from Wed 12th November (76 Products)

### Christmas

#### Christmas Decorations
- **Assorted Decorations** (25TH AVENUE) - $16.99
- **Assorted Dramatic Reindeer 2 Pack** (25TH AVENUE) - $39.99
- **Assorted Christmas Accessories** (CROFTON) - $5.99

### Limited Time Only Meat

#### Lamb
- **Tuscan Herb & Garlic Lamb Loin Roast** (THOMAS FARMS) - $23.99 (approx. 0.8 ea per package, $29.99 per kg)

#### Pork
- **Pork Sizzle Steaks MI** (IRONBARK PORK) - $18.99 (approx. 1 ea per package, $18.99 per kg)

#### Chicken
- **Creamy Tomato Chicken Gnocchi Meal Kit 775g** (READY, SET…COOK!) - $14.99 (0.775kg, $19.34 per kg)
- **Chicken Bites with Honey Sauce 500g** (LET'S EAT MOIRA MAC'S) - $9.99 (1kg, $9.99 per kg)

### Liquor

#### Spirits
- **Brandy 700ml** (BLACK BOTTLE) - $42.99
- **Peanut Butter Whiskey 700ml** (SHEEP DOG) - $52.99
- **Salted Caramel Liqueur 500mL** (INVENTUM DISTILLING) - $24.99

#### Cocktail Kits
- **Margarita Pack** (JOSE CUERVO) - $64.99
- **Espresso Martini Quick Pour Cocktail Kit** (BRANDED) - $54.99

#### Beer
- **Stella Artois Lager 6 Pack** (STELLA ARTOIS) - $15.99
- **German Beer Tasting Pack** (KALEA) - $59.99
- **Lemonade & Vodka 4 Pack 375ml** (HARD RATED) - $19.99

### Food & Snacks

#### Biscuits & Shortbread
- **Shortbread Triangles 150g** (WALKERS) - $3.99 (150g, $2.66 per 100g)
- **Shortbread Mr & Mrs Claus 150g** (BISKO BAKEHOUSE) - $2.69 (150g, $1.79 per 100g)

#### Snacks
- **Mini Cheddar Flavoured Bites 250g** (DAMORA SATISFIED SNACKING) - $3.49 (250g, $1.40 per 100g)
- **Mini Bacon Flavoured Bites 250g** (DAMORA SATISFIED SNACKING) - $3.49 (250g, $1.40 per 100g)
- **Luxury Australian Wagyu Beef Biltong 150g** (THE BILTONG MAN) - $19.99 (150g, $13.33 per 100g)

#### Dried Fruit & Nougat
- **Dried Fruit Platter 450g** (SOL BROTHERS) - $12.99 (0.45kg, $28.87 per kg)
- **Almond Nougat 150g** (NOUGAT LIMAR) - $4.99 (150g, $3.33 per 100g)
- **Macadamia Nougat 150g** (NOUGAT LIMAR) - $4.99 (150g, $3.33 per 100g)
- **White Christmas Nougat Slab 160g** (NOUGAT LIMAR) - $5.99 (160g, $3.74 per 100g)
- **Dark Chocolate & Sweet Orange Nougat Slab 160g** (NOUGAT LIMAR) - $5.99 (160g, $3.74 per 100g)

#### Grissini & Crackers
- **Rosemary and Sea Salt Grissini 125g** (ALWAYS FRESH EST. 1977) - $2.99 (125g, $2.39 per 100g)
- **Sesame and Sea Salt Grissini 125g** (ALWAYS FRESH EST. 1977) - $2.99 (125g, $2.39 per 100g)

### Pantry & Condiments

#### Sauces & Dips
- **Cranberry Sauce 275g** (COLWAY) - $2.69 (275g, $0.98 per 100g)
- **Chimichurri 200g** (DELI ORIGINALS) - $4.99 (200g, $2.50 per 100g)
- **Sweet Chilli & Sour Cream Dipping Sauce 160g** (BEERENBERG) - $4.49 (160g, $2.81 per 100g)
- **Soy, Ginger & Garlic Dipping Sauce 195g** (BEERENBERG) - $4.49
- **Truffle Aioli Flavoured Mayonnaise 300g** (MON SINCE 1899) - $3.99 (300ml, $1.33 per 100ml)
- **Balsamic Flavoured Mayonnaise 300g** (MON SINCE 1899) - $3.99 (300ml, $1.33 per 100ml)
- **Chipotle Flavoured Mayonnaise 300g** (MON SINCE 1899) - $3.99 (300ml, $1.33 per 100ml)
- **Traditional Gravy 165g** (GRAVOX) - $1.75 (170g, $1.03 per 100g)
- **Roast Chicken Gravy 165g** (GRAVOX) - $1.75 (170g, $1.03 per 100g)

#### Tapenade & Spreads
- **Black Olive Tapenade 135g** (COLAVITA) - $4.99
- **Green Olive Tapenade 135g** (COLAVITA) - $4.99
- **Eggplant & Sweet Peppers 340g** (COLAVITA) - $9.99 (340g, $2.94 per 100g)

#### Oils & Seasonings
- **Chef's Blend Extra Virgin Olive Oil 250ml** (BRANDED) - $9.99 (250ml, $4.00 per 100ml)
- **Traditional Dukkah 100g** (MILLICENT GROVE) - $4.49 (100g, $4.49 per 100g)
- **Spicy Chilli Dukkah 100g** (MILLICENT GROVE) - $4.49 (100g, $4.49 per 100g)
- **Lemon and Pepper Dukkah 100g** (MILLICENT GROVE) - $4.49 (100g, $4.49 per 100g)

#### Chocolate & Gifts
- **Nomad Hot Chocolate Trio Gift Pack 420g** (NOMAD CHOCOLATE) - $14.99 (420g, $3.57 per 100g)

### Kitchen & Dining

#### Cookware & Bakeware
- **Carbon Steel Roaster with Rack** (CROFTON) - $14.99
- **Assorted Cast Iron French Pan 30cm** (CROFTON) - $24.99
- **Festive Baking Assortment** (JOIE) - $5.99
- **Assorted Oven to Table Bakers with Wooden Stand** (CROFTON) - $19.99

#### Cutting Boards & Kitchen Tools
- **Premium Acacia Cutting Board** (CROFTON) - $19.99
- **Assorted Wooden Herb Tools** (CROFTON) - $9.99
- **Premium Kitchen Gadgets** (CROFTON) - $6.99
- **Assorted Utensils** (CROFTON) - $4.99
- **Assorted Paper Towel Holder** (CROFTON) - $14.99

#### Servingware
- **Large Servingware Assortment** (CROFTON) - $21.99
- **Small Servingware Assortment** (CROFTON) - $9.99
- **Serving Utensils and Cheese Knives Assortment** (CROFTON) - $9.99
- **Trifle Bowl** (CROFTON) - $12.99
- **Assorted Mirror Tray** (CROFTON) - $39.99

#### Drinkware
- **Drinkware Assortment** (CROFTON) - $9.99
- **Assorted Douro Double Wall Glasses 2 Pack** (BODUM) - $24.99
- **Assorted Silicone Drink Accessories** (CROFTON) - $4.99
- **Assorted Salad Bottles** (CROFTON) - $7.99

#### Dinnerware & Cutlery
- **Assorted Dinnerware 4 Pack** (CROFTON) - $14.99
- **Assorted Cutlery Set 16 Piece** (CROFTON) - $19.99
- **Assorted Salt & Pepper Mills 2 Pack** (CROFTON) - $19.99

#### Table Linens & Accessories
- **Assorted Cotton Tablecloth** (PEPPERTREE) - $19.99
- **Assorted Placemat 4 Pack** (PEPPERTREE) - $11.99
- **Assorted Egyptian Tea Towel 3 Pack** (PEPPERTREE) - $11.99
- **Fabric Napery Assortment** (PEPPERTREE) - $11.99
- **Assorted Novelty Apron** (PEPPERTREE) - $7.99

#### Storage & Preservation
- **Food & Wine Preservation Set** (AIRTENDER) - $29.99
- **Assorted Designer Cooler Bags** (CROFTON) - $14.99

### Home & Furniture

#### Furniture Accessories
- **Assorted Dining Chair Cover 2 Pack** (PEPPERTREE) - $19.99
- **Assorted Memory Foam Chair Pad 2 Pack** (KIRKTON HOUSE) - $29.99

#### Towels & Linens
- **Assorted Hand Towel 2 Pack** (KIRKTON HOUSE) - $9.99

---

## Available from Sat 22nd November (36 Products)

### Outdoor

#### Beach & Water Sports
- **Folding Multipurpose Cart** (CRANE) - $59.99
- **Portable Beach Shower** (ADVENTURIDGE) - $29.99
- **Pro Body Board** (CRANE) - $24.99
- **Adult's Beach Poncho Assortment** (SANDY CAPE) - $24.99
- **Cabana Beach Blanket** (SANDY CAPE) - $59.99
- **Children's Beach Towel** (SANDY CAPE) - $9.99
- **Neoprene Balls** (CRANE) - $9.99
- **Pop Up Beach Shelter** (CRANE) - $17.99
- **Racket Games** (CRANE) - $16.99
- **Beach Cabana** (ADVENTURIDGE) - $59.99

### Swimwear

#### Adult Swimwear
- **Women's Long Sleeve Paddle Suit** (CRANE PERFORMANCE) - $19.99
- **Women's Sleeveless Paddle Suit** (CRANE PERFORMANCE) - $19.99
- **Women's Long Sleeve Swim Suit** (CRANE PERFORMANCE) - $19.99
- **Adult's Boardshorts** (CRANE PERFORMANCE) - $9.99
- **Adult's Rash Tops** (CRANE PERFORMANCE) - $14.99
- **Adult's Sunglasses** (LYTE.) - $9.99

#### Children's Swimwear
- **Children's Rash Set** (LILY & DAN) - $14.99
- **Children's Rashsuit or Swimsuit** (LILY & DAN) - $12.99
- **Children's Flexy Sunglasses** (LYTE.) - $8.99
- **Infant Swimwear and Hat Set** (LILY & DAN) - $14.99
- **Children's Wide Brim Hat** (LILY & DAN) - $8.99
- **Children's Legionnaire Hat** (LILY & DAN) - $8.99
- **Children's Stretch Boardshorts** (LILY & DAN) - $8.99

### Kitchen

#### Dinnerware & Servingware
- **Hi-Ball or Tumbler Glasses 2 Pack** (CROFTON) - $9.99
- **Seafood Dinnerware Assortment** (CROFTON) - $6.99
- **Seafood Servingware Assortment** (CROFTON) - $14.99
- **Tumbler with Straw** (CROFTON) - $5.00

#### Table Linens
- **Placemat 4 Pack or Napkin 4 Pack** (PEPPERTREE) - $7.99
- **Tea Towel 2 Pack** (PEPPERTREE) - $7.99
- **Double Oven Glove or Oven Mitt** (PEPPERTREE) - $7.99

### Health & Beauty

#### Sun Care
- **Banana Boat Sport Sunscreen Lotion SPF50+ 200g** (BANANA BOAT) - $9.49

---

## Available from Sat 6th December (54 Products)

### BBQ

#### BBQ Tools & Accessories
- **Smashed Burger Kit** (CROFTON) - $29.99
- **Stainless Steel Marinating Tray with Plastic Lid** (CROFTON) - $14.99
- **BBQ Caddy** (COOLABAH) - $19.99
- **Grill Tool Set 4 Piece** (COOLABAH) - $19.99
- **Gas Lighter 3 Pack** (COOLABAH) - $7.99
- **BBQ Apron** (PEPPERTREE) - $19.99
- **BBQ Grill Accessories** (COOLABAH) - $12.99

#### Kitchen Tools
- **Cutting Board with Stainless Steel Surface** (CROFTON) - $14.99
- **Assorted Knives** (CROFTON) - $9.99
- **Steak Serving Boards with Steak Knife** (CROFTON) - $19.99
- **Assorted Kebab Makers** (CROFTON) - $9.99
- **Tea Towel 2 Pack** (PEPPERTREE) - $7.99

### Beauty

#### Skincare & Beauty Tools
- **Caviar Collagen Pro Luxury Anti Wrinkle Gift Set** (LACURA SKIN SCIENCE) - $34.99
- **Heated Hair Roller Set** (VISAGE) - $39.99
- **Lip Balm Trio 3 Pack** (EPIELLE) - $9.99
- **Beauty Assorted Blending Sponges 12 Pack** (LACURA BEAUTY) - $7.99
- **Eye and Face Palette 18/20 Piece** (BYS) - $8.99 (20g)
- **Eye and Face Palette 18/20 Piece** (BYS) - $8.99 (18g)
- **Eye and Face Palette 18/20 Piece** (BYS) - $8.99 (20g)
- **Eye and Face Palette 18/20 Piece** (BYS) - $8.99 (20g)
- **7 Piece Makeup Brush Set & Silicone Holder** (LACURA BEAUTY) - $12.99
- **Summer Touch Body Mist & Roller Gift Set** (LACURA BEAUTY) - $12.99

### Men's Grooming

#### Grooming Products & Tools
- **Africa Duo Gift Set 2 Piece** (LYNX) - $9.99
- **Head Shaver** (VISAGE) - $29.99
- **Premium Wet and Dry Shaver** (VISAGE) - $39.99
- **Premium Cordless Hair Clippers 850g** (VISAGE) - $29.99
- **Deep Duo Kit 2 Piece** (NIVEA MEN) - $12.99
- **Men's Manicure Kit 8 Piece 6kg** (PRINCE) - $9.99
- **Men's 3 in 1 Grooming Kit** (PRINCE) - $9.99

### Pet

#### Pet Toys & Accessories
- **Dog Treats Christmas Pack 179g** (JULIUS) - $9.99
- **Creamy Cat Treats 24 Pack 12g** (CACHET) - $9.99
- **Interactive Pet Talking Buttons** (PETPLAY) - $29.99
- **Interactive Pet Treat and Ball Dispenser** (PETPLAY) - $19.99
- **Dog Toy Gift Set** (PETPLAY) - $12.99
- **Water Bottle with Dog Bowl Base** (CROFTON) - $19.99

### Pet Lovers

#### Pet-Themed Kitchen Accessories
- **Pet Lovers Kitchen Gadgets** (JOIE) - $4.99
- **Mug 1 Pack or Salt & Pepper Shakers 2 Piece** (CROFTON) - $6.99

### Technology and Entertainment

#### Audio & Electronics
- **Portable Vlogging Kit** (BAUHN) - $34.99
- **Bluetooth Karaoke Microphone** (BAUHN) - $19.99
- **Mobile Phone Cross-Body Strap** (BAUHN) - $14.99
- **Assorted Cables and Accessories** (BAUHN) - $10.99
- **Speaker with LED Mirror and Wireless Charging** (BAUHN) - $39.99


## Available from Wed 3rd December (78 Products)

### ALDI Mania
- **Women's Swimsuit** (ALDIMANIA) - $14.99
- **Men's Swim Shorts** (ALDIMANIA) - $9.99
- **Men's Swim Briefs** (ALDIMANIA) - $8.99
- **Stainless Steel Drink Bottle** (ALDIMANIA) - $9.99
- **Beach Towel** (ALDI) - $14.99

### Beauty & Self Care
- **Luxury Hand Cream 100ml** (LACURA) - $4.99 (100ml, $4.99 per 100ml)
- **Retinol Gift Set 3 Piece** (LACURA) - $29.99
- **Beauty Facial Cleanser & Massager** (LACURA) - $8.99 (1 each, $8.99 per each)
- **Luminosity Face Care Duo** (LACURA) - $14.99
- **Epielle Overnight Hydrogel Mask** (EPIELLE) - $4.99 (34g, $14.68 per 100g)
- **Pout Pods Lip Gloss and Lip Balm Duo** (BYS) - $4.99

### Branded Specials

#### Coffee & Beverages
- **Classic Instant Coffee Medium Roast 400g** (MOCCONA) - $25.99 (400g, $6.50 per 100g)
- **Classic Instant Coffee Dark Roast 400g** (MOCCONA) - $25.99 (400g, $6.50 per 100g)
- **Classic Instant Coffee Espresso 400g** (MOCCONA) - $25.99 (400g, $6.50 per 100g)
- **Espresso Concentrate 500ml** (NESCAFÉ) - $5.49 (500ml, $1.10 per 100ml)
- **8 Pack 250ml** (RED BULL) - $13.99 (2L, $7.00 per L)

#### Confectionery
- **Toffifee 375g** (TOFFIFEE) - $10.99 (375g, $2.93 per 100g)
- **Bean Boozled Spinner Giftbox 100g** (JELLY BELLY) - $9.99 (100g, $9.99 per 100g)
- **Pralines 180g** (TOBLERONE) - $9.99 (180g, $5.55 per 100g)
- **Favourites 265g** (CADBURY) - $6.99 (265g, $2.64 per 100g)

#### Condiments
- **Jam Sampler 4 Pack 112g** (BRANDED) - $7.99 (112g, $7.13 per 100g)
- **BBQ Sauce 2L** (FOUNTAIN) - $4.99

### Budget Gifting

#### Kitchen & Home
- **Mug, Teapot or Tea for One Set** (CROFTON) - $19.99
- **Paddle Boards with Assorted Glasses** (CROFTON) - $9.99
- **Assorted Tea Accessories** (CROFTON) - $9.99
- **Clear Lock Box** (CROFTON) - $9.99
- **Tea Towel 3 Pack, Apron or Double Oven Glove** (PEPPERTREE) - $5.99
- **Ice Pop Makers or Ice Trays** (JOIE) - $4.99
- **Licensed Mugs** (LICENSED) - $4.99
- **Double-Walled Stainless Steel Wine or Cocktail Cups** (CROFTON) - $19.99
- **Mug and Coaster Set** (CROFTON) - $5.99
- **Coaster and Placemat Set** (CROFTON) - $14.99
- **Reed Diffuser 145ml** (PUREWICK) - $9.99
- **Luxury Candle** (KIRKTON HOUSE) - $8.99
- **Assorted Tea Bottles** (CROFTON) - $14.99

#### Stationery & Calendars
- **A5 Diary or Stationery Gift Set** (PEMBROOK) - $6.99
- **2026 Wall Calendar** (PEMBROOK) - $4.99

#### Games & Puzzles
- **Adult Tin Games** (UNIVERSITY GAMES) - $9.99
- **Road Trip Trivia** - $12.99
- **Perfect Puzzles Puzzle Book** (HINKLER BOOKS) - $2.99
- **Assorted World's Smallest Classic Games** (WORLD'S SMALLEST) - $6.99
- **1000 Piece Puzzle** (RAVENSBURGER) - $19.99
- **Assorted Games** (BRANDED) - $19.99
- **Quizzes & Games** (FINDON) - $2.99
- **Buzzer Games** (PROFESSOR PUZZLE) - $9.99
- **Classic Wooden Games** (FINDON) - $9.99
- **Fashion Bingo or Puzzles** (FINDON) - $14.99
- **Scientist Wooden Puzzles** (FINDON) - $4.99
- **Pinball Game or Magnetic Darts** (FINDON) - $9.99
- **Murder Mystery or Escape Room Games** (FINDON) - $14.99
- **Tabletop Games** (FINDON) - $19.99

### Christmas

#### Clothing & Sleepwear
- **Women's Luxe PJ Set** (SERRA) - $16.99
- **Infants Christmas PJs** (LILY & DAN) - $9.99
- **Children's Christmas PJs** (L&D) - $9.99
- **Women's Christmas PJ Set** (SERRA) - $12.99
- **Men's Christmas PJs** (WEST BAY) - $12.99

### Kid's Bathtime Essentials
- **Kids Novelty Bath Sponge** (FUNTIME) - $1.99
- **Kids Foaming Body Wash 200ml** (FUNTIME) - $5.99
- **Kids Novelty Body Scrub 350g** (FUNTIME) - $9.99 (8kg, $1.25 per kg)

### Kids Toys and Books

#### Toys & Games
- **Magnetic Tiles 40 Piece Set** (BILT) - $19.99
- **Bricks Assortment** (FINDON) - $9.99
- **Blocks in Bloom Assortment** (BLOCK TECH) - $4.99
- **My Arcade Micro** (BRANDED) - $49.99

#### Hair & Accessories
- **Kids Assorted Detangling Hairbrushes** (FUNTIME) - $4.99
- **Assorted Hair Accessories** (PROTANE) - $4.99
- **Kids Hair Styling Kit 100 Piece** (FUNTIME) - $9.99
- **Licensed Kids Fragrance 50ml** (LICENSED) - $8.99

### Limited Time Only Meat

#### Seafood
- **Australian Tropical Snapper Fillets 2 Pack 260g** (THE FISHMONGER) - $11.99 (0.26kg, $46.12 per kg)

#### Beef
- **Beef Brisket Smokey American** (READY, SET…COOK!) - $17.99 (approx. 1 ea per package, $17.99 per kg)

#### Chicken
- **Italian Style RSPCA Approved Chicken Sausage Rolls 600g** (READY, SET…COOK!) - $8.99

#### Pork
- **Pork Schnitty Dippers 500g** (READY, SET…COOK!) - $9.99 (0.5kg, $19.98 per kg)

### Other Products
- **Portable Fans** (AMBIANO) - $14.99

---

## Available from Sat 29th November (34 Products)

### Kids Toys and Books

#### Toys
- **Large Grinch Plush** (LICENSED) - $49.99
- **Inflatable Water Park** (BESTWAY) - $279.00
- **Slot Track Case** - $39.99
- **Assorted POP Figures** (FUNKO) - $16.99
- **Assorted Vehicles License Large** (DICKIE) - $29.99
- **Assorted Retro Wooden Box Set** (BRANDED) - $9.99
- **Assorted Small Die Cast Car** (MSZ METAL SPEED ZONE) - $4.79
- **Inflatable Games Assorted** (BRANDED) - $12.99
- **Assorted Water Toys** (ZURU) - $8.99
- **Steffi Doll or Dickie Assortment** (BRANDED) - $24.99
- **RC Car 1:10 Scale** (FINDON) - $39.99
- **Fast & Furious Die Cast Cars** (JADA) - $12.99
- **Princess Roleplay Sets** (DISNEY PRINCESS) - $19.99
- **Plush Doll With Carrier** (LITTLE TOWN) - $19.99

#### Books
- **Assorted Baby Books** - $3.99
- **Assorted Mini Board Books** (SCHOLASTIC) - $4.99
- **Assorted Tattle Tale Books** (PHIDAL) - $6.99
- **Licensed Pop Up Books** (SCHOLASTIC) - $7.99
- **Assorted Scratch & Sketch Books** - $5.99
- **Assorted Shiny Sound Books** (IGLOO) - $12.99
- **Assorted Little Libraries Book Set** (PENGUIN) - $7.99
- **Picture Books** (TWO WINDMILLS) - $1.99
- **Sticker & Fun or Colour ME Books** - $2.99

### Outdoor

#### Beach & Swimming
- **Velour Jacquard Beach Towel** (SANDY CAPE) - $11.99
- **Pool Lounge Assortment** (CRANE) - $14.99
- **Swim Goggles** (CRANE) - $7.99

---

## Available from Wed 26th November - Black Wednesday (65 Products)

### Black Wednesday Technology & Entertainment

#### TVs & Monitors
- **40" Full HD WebOS Smart TV** (BAUHN) - $239.00
- **65" 4K Ultra HD WebOS TV** (BAUHN) - $549.00
- **15.6" Portable Monitor** (BAUHN) - $109.00
- **Inflatable Movie Screen** (CRANE) - $79.99

#### Computing & Gaming
- **Premium Mechanical Keyboard** (BAUHN) - $119.00
- **Gaming Chair** (BAUHN) - $149.00
- **F1 Slot Car Set** (CARRERA) - $99.99
- **Assorted Die Cast Cars 1:24 Scale** (WELLY) - $19.99

#### Audio
- **True Wireless Earbuds** (MONSTER) - $49.99

#### Power & Solar
- **10k Power Bank** (PHILLIPS) - $19.99
- **Solar Panel Kit 200W** (BRANDED) - $149.00

### Black Wednesday Deals

#### Kitchen Appliances
- **Combi Zone Air Fryer 9L** (AMBIANO) - $89.99
- **MultiPro Compact All-in-One Food Processor** (KENWOOD) - $89.99
- **Slushie Maker 2L** (AMBIANO) - $199.00
- **Compact Portable Ice Maker 0.8L** (AMBIANO) - $69.99
- **Ice Cream and Frozen Treat Maker** (AMBIANO) - $179.00
- **Kettle and Toaster Pack** (DE'LONGHI) - $99.99

#### Coffee & Beverages
- **Expressi Duo Coffee Machine** (EXPRESSI) - $119.00 ($119.00 per each)
- **Milk Frother** (EXPRESSI) - $59.99
- **Expressi Oat Latte 240mL** (EXPRESSI) - $2.39 (240ml, $1.00 per 100ml)
- **Expressi Chilled Brewed 240mL** (EXPRESSI) - $2.39 (240ml, $1.00 per 100ml)

#### Home Cleaning
- **DEEBOT NEO 3.0 with Omni Station** (ECOVACS) - $599.00
- **Winbot Neo Mini Robotic Window Cleaner** (ECOVACS) - $299.00

#### Cookware
- **Gold Edition Family Pan 34cm** (BLUE DIAMOND) - $49.99
- **Frypan 2 Piece Set** (VITAVERDE) - $34.99

### Household Specials

#### Bedroom & Furniture
- **Single Bonnell Mattress** (SOHL) - $79.99
- **Tota One Laundry Hamper** (JOSEPH JOSEPH) - $79.99

### Branded Specials

#### Personal Care & Beauty
- **Oral B Precision Clean Replacement Heads 12 Pack** (ORAL B) - $47.99 (12 each, $4.00 per each)
- **Oral B Pro 800 Electric Toothbrush** (ORAL B) - $49.99
- **Braun Silk-Epil 3 Epilator** (BRAUN) - $69.99
- **Braun Homestarter Pack** (BRAUN) - $89.99
- **Olay Gift Pack 2 Piece** (OLAY) - $59.99

#### Footwear & Apparel
- **Men's Sneakers** (REEBOK) - $59.99
- **Women's Sneakers** (REEBOK) - $59.99
- **Men's Trunks 3 Pack** (TOMMY HILFIGER) - $34.99

### Limited Time Only Meat

#### Chicken
- **Boneless Drumstick Fillets Bulk Pack** (BROAD OAK FARMS) - $14.49 (approx. 1.45 ea per package, $14.48 per kg)
- **Blazing Chicken Burgers 440g** (LET'S EAT MOIRA MAC'S) - $9.79 (1kg, $9.79 per kg)

#### Pork
- **Pork Spare Ribs 550g** (BUTCHER AND COOK) - $10.99 (0.55kg, $19.98 per kg)
- **Pork Chipolatas 1kg** (SUNPORK FRESH FOODS) - $9.99 (1kg, $9.99 per kg)

### Liquor

#### Spirits
- **Tullamore Dew Irish Whiskey 700ml** (TULLAMORE DEW) - $54.99
- **Laphroaig Oak Select Single Malt Scotch Whisky 700ml** (LAPHROAIG) - $74.99
- **Woodford Reserve Whiskey Gift Pack** (WOODFORD RESERVE) - $74.99
- **Manly Spirits Co. Limoncello 700ml** (MANLY SPIRITS CO.) - $34.99
- **Gibson's Limone Italiano Gin 700ml** (GIBSON'S) - $44.99
- **Bacardi Rum Mixed With Coca Cola 4.8% 4 Pack 330ml** (BACARDI) - $19.99

#### Champagne & Wine
- **Mumm Cordon Rouge Champagne NV Gift Pack** (MUMM) - $64.99

#### Beer & Cider
- **Hawke's Tropicaldi XPA 6 Pack 375ml** (HAWKE'S) - $13.99
- **Tsingtao Premium Lager 12 Pack 330ml** (TSINGTAO) - $28.99
- **Miller Chill Lime Beer 6 Pack 300ml** (MILLER) - $16.99

### Pantry Food

#### Soft Drinks & Beverages
- **Coca-Cola Coke Classic 36 Pack 375ml** (COCA-COLA) - $34.79 (13.5L, $2.58 per L)
- **Coca-Cola Coke Zero Sugar 36 Pack 375ml** (COCA-COLA) - $34.79 (13.5L, $2.58 per L)
- **Pepsi Max Soft Drink 24 Pack 375ml** (PEPSI MAX) - $22.49 (9L, $2.50 per L)
- **Solo Soft Drink 24 Pack 375ml** (SOLO) - $22.49 (9L, $2.50 per L)
- **V Energy Drink 4 Pack 500ml** (V) - $8.49 (2L, $4.25 per L)
- **Bundaberg Ginger Beer 12 Pack 375ml** (BUNDABERG) - $14.49 (4.5L, $3.22 per L)

#### Confectionery & Snacks
- **Arnott's Tim Tam Chewy Caramel 175g** (ARNOTT'S) - $2.99 (175g, $1.71 per 100g)
- **Arnott's Tim Tam Double Coat 200g** (ARNOTT'S) - $2.99 (200g, $1.50 per 100g)
- **Kez's Kitchen Chocolate Peanut Florentines 185g** (KEZ'S KITCHEN) - $4.99 (185g, $2.70 per 100g)
- **The Natural Confectionery Co. Snakes 1.1kg** (THE NATURAL CONFECTIONERY CO.) - $12.49 (1.1kg, $11.35 per kg)

### Sports & Recreation

#### Golf
- **Electric Golf Trolley** (BRANDED) - $499.00

---

## Available from Sat 6th December (54 Products)

### BBQ

#### BBQ Tools & Accessories
- **Smashed Burger Kit** (CROFTON) - $29.99
- **Stainless Steel Marinating Tray with Plastic Lid** (CROFTON) - $14.99
- **BBQ Caddy** (COOLABAH) - $19.99
- **Grill Tool Set 4 Piece** (COOLABAH) - $19.99
- **Gas Lighter 3 Pack** (COOLABAH) - $7.99
- **BBQ Apron** (PEPPERTREE) - $19.99
- **BBQ Grill Accessories** (COOLABAH) - $12.99

#### Kitchen Tools
- **Cutting Board with Stainless Steel Surface** (CROFTON) - $14.99
- **Assorted Knives** (CROFTON) - $9.99
- **Steak Serving Boards with Steak Knife** (CROFTON) - $19.99
- **Assorted Kebab Makers** (CROFTON) - $9.99
- **Tea Towel 2 Pack** (PEPPERTREE) - $7.99

### Beauty

#### Skincare & Beauty Tools
- **Caviar Collagen Pro Luxury Anti Wrinkle Gift Set** (LACURA SKIN SCIENCE) - $34.99
- **Heated Hair Roller Set** (VISAGE) - $39.99
- **Lip Balm Trio 3 Pack** (EPIELLE) - $9.99
- **Beauty Assorted Blending Sponges 12 Pack** (LACURA BEAUTY) - $7.99
- **Eye and Face Palette 18/20 Piece** (BYS) - $8.99 (20g)
- **Eye and Face Palette 18/20 Piece** (BYS) - $8.99 (18g)
- **Eye and Face Palette 18/20 Piece** (BYS) - $8.99 (20g)
- **Eye and Face Palette 18/20 Piece** (BYS) - $8.99 (20g)
- **7 Piece Makeup Brush Set & Silicone Holder** (LACURA BEAUTY) - $12.99
- **Summer Touch Body Mist & Roller Gift Set** (LACURA BEAUTY) - $12.99

### Men's Grooming

#### Grooming Products & Tools
- **Africa Duo Gift Set 2 Piece** (LYNX) - $9.99
- **Head Shaver** (VISAGE) - $29.99
- **Premium Wet and Dry Shaver** (VISAGE) - $39.99
- **Premium Cordless Hair Clippers 850g** (VISAGE) - $29.99
- **Deep Duo Kit 2 Piece** (NIVEA MEN) - $12.99
- **Men's Manicure Kit 8 Piece 6kg** (PRINCE) - $9.99
- **Men's 3 in 1 Grooming Kit** (PRINCE) - $9.99

### Pet

#### Pet Toys & Accessories
- **Dog Treats Christmas Pack 179g** (JULIUS) - $9.99
- **Creamy Cat Treats 24 Pack 12g** (CACHET) - $9.99
- **Interactive Pet Talking Buttons** (PETPLAY) - $29.99
- **Interactive Pet Treat and Ball Dispenser** (PETPLAY) - $19.99
- **Dog Toy Gift Set** (PETPLAY) - $12.99
- **Water Bottle with Dog Bowl Base** (CROFTON) - $19.99

### Pet Lovers

#### Pet-Themed Kitchen Accessories
- **Pet Lovers Kitchen Gadgets** (JOIE) - $4.99
- **Mug 1 Pack or Salt & Pepper Shakers 2 Piece** (CROFTON) - $6.99

### Technology and Entertainment

#### Audio & Electronics
- **Portable Vlogging Kit** (BAUHN) - $34.99
- **Bluetooth Karaoke Microphone** (BAUHN) - $19.99
- **Mobile Phone Cross-Body Strap** (BAUHN) - $14.99
- **Assorted Cables and Accessories** (BAUHN) - $10.99
- **Speaker with LED Mirror and Wireless Charging** (BAUHN) - $39.99

## Available from Wed 14th January (59 Products)

### Bedroom

#### Pillows & Bedding
- **Anti Snore Pillow** (KIRKTON HOUSE) - $19.99
- **Temperature Regulating Body Pillow Cover** (KIRKTON HOUSE) - $27.99
- **Cool Touch Latex Pillow** (KIRKTON HOUSE) - $39.99
- **3D Airflow Pillow** (KIRKTON HOUSE) - $19.99
- **Gel Infused Memory Foam Pillow** (KIRKTON HOUSE) - $29.99
- **Cotton Bamboo Waffle Blanket** (KIRKTON HOUSE) - $49.99
- **Napping Pillow** (KIRKTON HOUSE) - $24.99

### Branded Specials

#### Health & Beauty
- **T/Gel Therapeutic Shampoo 2 Pack 200ml** (NEUTROGENA) - $19.99 (400ml, $5.00 per 100ml)
- **Moisture Renewal Shampoo or Conditioner 900ml** (PANTENE) - $9.99 (900ml, $1.11 per 100ml)
- **Face Lotion 100g/150ml** (OLAY) - $7.99

#### Cleaning Products
- **Active Clean 3 in 1 Laundry Capsules 28 Pack** (OMO) - $14.99 (28 each, $0.54 per each)
- **Dishwashing Tablets 72 Pack** (FINISH) - $28.99
- **Sensitive Fabric Softner 2L** (CUDDLY) - $7.99 (2L, $4.00 per L)
- **Laundry Liquid Washing Detergent 4L** (RADIANT) - $17.99 (4L, $4.50 per L)

#### Supplements & Sports Nutrition
- **Daily Greens 500g** (MELROSE) - $24.99 (500g, $5.00 per 100g)
- **Psyllium Husk 500g** (OH SO NATURAL WHOLEFOODS) - $12.49 (500g, $2.50 per 100g)
- **High Protein Powder 800g** (BSC) - $27.49
- **Pure Creatine 200g** (BSC) - $13.99
- **PRE Caffeinated Pre-Workout 300g** (BSC) - $19.99

### Food Themes

#### Nuts & Seeds
- **Pitted Prunes 1kg** (SWEET VINE) - $9.99 (1kg, $9.99 per kg)
- **Nature's Protein Roasted Edamame 200g** (DJ&A) - $2.99 (200g, $1.50 per 100g)
- **Dry Roasted Cashews 1kg** (FORRESTERS) - $19.99 (1kg, $19.99 per kg)
- **Shiitake Mushroom Crisps Original 65g** (DJ&A) - $3.99 (65g, $6.14 per 100g)
- **Soy Protein Crisps 200g** (BRANDED) - $6.79 (200g, $3.40 per 100g)
- **Almond Meal 1kg** (OH SO NATURAL WHOLEFOODS) - $14.99 (1kg, $14.99 per kg)
- **Black Chia Seeds 1kg** (OH SO NATURAL WHOLEFOODS) - $12.99 (1000g, $1.30 per 100g)
- **Tricolour Organic Quinoa 1kg** (OH SO NATURAL ORGANIC) - $9.99 (1000g, $1.00 per 100g)
- **White Organic Quinoa 1kg** (OH SO NATURAL ORGANIC) - $9.99 (1000g, $1.00 per 100g)
- **Natural Australian Macadamias 600g** (THE HAPPY NUT) - $19.99 (0.6kg, $33.32 per kg)
- **Roasted & Salted Australian Macadamias 600g** (THE HAPPY NUT) - $19.99 (0.6kg, $33.32 per kg)
- **Cashew & Cranberry Crunch Bites 120g** (FORRESTERS) - $4.29 (120g, $3.58 per 100g)
- **Pistachio & Cranberry Crunch Bites 120g** (FORRESTERS) - $4.29 (120g, $3.58 per 100g)
- **Berry Boost Nut and Seed Toppers 150g** (BRANDED) - $2.99
- **Golden Crunch Nut and Seed Toppers 150g** (BRANDED) - $2.99

#### Snacks & Confectionery
- **Natural Sweets Flavoured Gummies Strawberry & Cream 100g** (FUNDAY) - $6.99 (100g, $6.99 per 100g)
- **Original Salted Harvest Snaps 5 Pack 90g** (CALBEE) - $2.99

#### Beverages
- **Coconut & Lychee 1L** (H2COCO) - $2.75 (1L, $2.75 per L)
- **Brewed Apple + Lychee 4 Pack 250ml** (BUNDABERG) - $4.89 (4x1L, $4.89 per L)
- **Brewed Raspberry + Pomegranate 4 Pack 250ml** (BUNDABERG) - $4.89 (4x1L, $4.89 per L)

### Kitchen

#### Cookware
- **Steak Knife 4 Piece Set** (CROFTON) - $14.99
- **Stew Pot 22cm** (CROFTON) - $19.99
- **Ceramic Frypan 28cm** (CROFTON) - $14.99
- **28cm Saute Pan or Casserole Pan** (CROFTON) - $22.99
- **Ceramic Frypan 24cm** (CROFTON) - $12.99

#### Kitchen Accessories
- **Olive Wood Utensil 2 Piece Set** (CROFTON) - $7.99
- **Olive Wood Chopping Board** (CROFTON) - $19.99
- **Cutlery Set** (LOU LAGUIOLE) - $29.99
- **Dinnerware 2 Pack** (CROFTON) - $7.99
- **Tumbler or Highball Glasses 2 Pack** (CROFTON) - $7.99

### Limited Time Only Meat

#### Meat & Seafood
- **Peeled Prawn Platter 800g** (THE FISHMONGER) - $27.99 (0.8kg, $34.99 per kg)
- **Mini Moroccan Lamb Leg** (READY, SET…COOK!) - $11.25 (approx. 0.45kg per package, $24.99 per kg)
- **Hot Honey Pork Sausages 500g** (BRAND MISSING) - $7.99 (0.5kg, $15.98 per kg)
- **Turkey Rissoles 400g** (INGHAM'S) - $7.99 (0.4kg, $19.98 per kg)

### Liquor

#### Spirits & Cocktails
- **Whisky 700mL** (COPPER DOG) - $54.99
- **Finger Lime Gin 700ml** (INFUSIONIST) - $49.99
- **Pine Margarita 2L** (VOK) - $22.99

#### Beer & Cider
- **Gold Lager 12 Pack** - $24.99
- **Mountain Goat Very Enjoyable Beer 6 Pack 375ml** (MOUNTAIN GOAT) - $17.99

## Available from Sat 10th January (70 Products)

### Back to School

#### Learning & Activity
- **Little Learners Workbook Pad 1 Each** (LITTLE LEARNERS) - $4.99 (1 each, $4.99 per each)
- **Maths Made Easy Workbook Pad 1 Each** (CAROL VORDERMAN) - $5.99 (1 each, $5.99 per each)
- **Learn to Code Workbook Pad 1 Each** (CAROL VORDERMAN) - $5.99 (1 each, $5.99 per each)
- **Block Building Set 1 Each** (BRANDED) - $14.99 (1 each, $14.99 per each)
- **Crayola Combo Pack 1 Each** (CRAYOLA) - $29.99 (1 each, $29.99 per each)
- **Crayola Giant Colouring Pages 1 Each** (CRAYOLA) - $8.99 (1 each, $8.99 per each)
- **Go Create & Crayola Stationery Range Each** (CRAYOLA) - $2.99 (1 each, $2.99 per each)

#### School Supplies
- **Licensed Backpack 1 Each** (LICENSED) - $24.99 (1 each, $24.99 per each)
- **Licensed Lunchbox 1 Each** (LICENSED) - $12.99 (1 each, $12.99 per each)
- **Licensed Water Bottle 1 Each** (LICENSED) - $12.99 (1 each, $12.99 per each)
- **Exercise Book Set Pack 5** (OFFICE SUPPLIES) - $3.99 (5 pack, $0.80 per each)
- **Scissors 1 Each** (OFFICE SUPPLIES) - $3.99 (1 each, $3.99 per each)
- **Merit Stickers** (SCHOLAR) - $2.99
- **Scratch Stickers** (SCHOLAR) - $3.99
- **Assorted Basic Skills Workbooks** (EXCEL) - $9.99
- **School Merit Stamps** (SCHOLAR) - $2.99
- **Assorted Art Supplies Mix** (SCHOLAR) - $4.99
- **Scholastic Learning Assortment** (SCHOLASTIC) - $1.49
- **Assorted Study Gadgets** (BAUHN) - $29.99
- **ABC Activity Books** (BRANDED) - $7.99

### Food Specials

#### Snacks & Confectionery
- **Tim Tam Original, Double Coat or Chewy Caramel 200g** (ARNOTTS) - $3.99 (200g, $2.00 per 100g)
- **Smiths Crinkle Cut Original, BBQ or S&V 175g** (SMITHS) - $3.49 (175g, $1.99 per 100g)
- **Kettle Chilli 150g or Sea Salt 175g** (KETTLE) - $3.99 (165g, $2.42 per 100g)
- **Dorito Cheese Supreme or Mexicana 150g, Grain Waves Sour Cream & Chives or Sweet Chilli 180g** (DORITOS) - $3.49 (165g, $2.11 per 100g)
- **Oreo Original 256g** (OREO) - $2.99 (256g, $1.17 per 100g)
- **Honey 500g** (BEECHWORTH) - $5.99 (500g, $1.20 per 100g)
- **Shapes Chicken Crimpy, Pizza or BBQ 165g** (ARNOTTS) - $1.99 (165g, $1.21 per 100g)
- **Milo Ready To Drink 12 Pack 200ml** (MILO) - $9.49 (2.4L, $3.95 per L)

#### Coffee
- **Gold Instant Coffee 95g** (NESCAFÉ) - $14.99 (95g, $15.78 per 100g)
- **Gold Blend Instant Coffee 95g** (NESCAFÉ) - $14.99 (95g, $15.78 per 100g)

### Gardening

#### Watering & Irrigation
- **Tap Timer 1 Each** (GARDENLINE) - $24.99 (1 each, $24.99 per each)
- **Garden Hose 30m** (GARDENLINE) - $29.99 (30m, $1.00 per m)
- **Mini Garden Hose 10m** (GARDENLINE) - $12.99 (10m, $1.30 per m)
- **Retractable Hose Reel 10m, 15m or 20m** (GARDENLINE) - $39.99 (15m, $2.67 per m)

#### Garden Care
- **Fertiliser Launcher 1 Each** (GARDENLINE) - $12.99 (1 each, $12.99 per each)
- **Lawn Fertiliser 4kg** (LAWN SOLUTIONS AUSTRALIA) - $24.99 (4kg, $6.25 per kg)
- **Organic Garden Mix 25L** (GARDENLINE) - $4.99 (25L, $0.20 per L)
- **Organic Based Fertiliser 4.5kg** (SCOTTS OSMOCOTE) - $14.99 (4.5kg, $3.33 per kg)
- **Blended Mulch 50L** (GARDENLINE) - $4.99 (50L, $0.10 per L)
- **Professional Lawn Seed 500g** (SCOTTS) - $34.99 (500g, $6.998 per 100g)

#### Tools & Equipment
- **Repair Kit With Plug 1 Each** (GARDENLINE) - $8.99 (1 each, $8.99 per each)
- **Bypass Secateurs 1 Each** (GARDENLINE) - $7.99 (1 each, $7.99 per each)
- **Bypass Loppers 1 Each** (GARDENLINE) - $12.99 (1 each, $12.99 per each)
- **Garden Hoe 1 Each** (GARDENLINE) - $6.99 (1 each, $6.99 per each)
- **Garden Rake 1 Each** (GARDENLINE) - $6.99 (1 each, $6.99 per each)
- **Lawn Seed Spreader 1 Each** (GARDENLINE) - $19.99 (1 each, $19.99 per each)
- **Lawn Edger 1 Each** (GARDENLINE) - $12.99 (1 each, $12.99 per each)
- **Garden Broom 1 Each** (GARDENLINE) - $6.99 (1 each, $6.99 per each)
- **Wheelbarrow 1 Each** (GARDENLINE) - $49.99 (1 each, $49.99 per each)
- **14 Piece Extension Lead Range 1 Each** (WORKZONE) - $12.99 (1 each, $12.99 per each)
- **LED Work Light 1 Each** (WORKZONE) - $19.99 (1 each, $19.99 per each)
- **Latex Coated Gardening Gloves Assortment** (GARDENLINE) - $5.99
- **Assorted Garden Tools** (GARDENLINE) - $14.99
- **Professional Garden Pruner Assortment** (GARDENLINE) - $9.99
- **Premium Assorted Trig. Noz, Pat. Sprayer** (GARDENLINE) - $14.99
- **Garden Clogs Assortment** (GARDENLINE) - $6.99
- **Assorted Soil Tools 2 pack** (GARDENLINE) - $8.99
- **Assorted Novelty Sprinklers** (GARDENLINE) - $14.99
- **Assorted Garden Bags** (GARDENLINE) - $8.99
- **Assorted Sprinklers** (GARDENLINE) - $12.99

### Technology

#### Computers
- **Lenovo IdeaPad Slim 3 Laptop 1 Each** (LENOVO) - $599.00 (1 each, $599.00 per each)
- **Lenovo Tab M11 Tablet 1 Each** (LENOVO) - $269.00 (1 each, $269.00 per each)

#### Electronics & Accessories
- **Assorted Cables and Accessories** (BAUHN) - $9.99
- **Sound Block Bluetooth Speaker Assortment** (BAUHN) - $29.99
- **USB and MicroSD Card Assortment** (BAUHN) - $11.99
# ALDI Special Buys

## Available from Saturday 17th January

### Clothing

#### Women's Clothing
- **Women's Denim Shorts** - SERRA - $14.99 (While Stocks Last)
- **Women's Relaxed Pants** - SERRA - $19.99 (While Stocks Last)
- **Women's Summer Dress** - SERRA - $19.99 (While Stocks Last)
- **Women's Robe** - SERRA - $19.99 (While Stocks Last)
- **Shelf Bra Tank 2 Pack** - SERRA - $19.99 (While Stocks Last)

#### Women's Footwear
- **Women's Leather Double Strap Sandals** - SERRA - $14.99 (While Stocks Last)
- **Women's Leather Sandals** - SERRA - $14.99 (While Stocks Last)
- **Women's Thongs** - HAVAIANAS - $11.99 (While Stocks Last)

#### Women's Accessories
- **Women's Leather Handbags** - SERRA - $34.99 (While Stocks Last)

#### Men's Footwear
- **Men's Thongs** - HAVAIANAS - $11.99 (While Stocks Last)

### Health & Beauty

#### Bathroom Accessories
- **Bath Pillow** - KIRKTON HOUSE - $19.99 (While Stocks Last)
- **Spa Wrap Towel and Headband Set** - KIRKTON HOUSE - $19.99 (While Stocks Last)
- **Hair Wrap** - KIRKTON HOUSE - $4.99 (While Stocks Last)
- **Memory Foam Bath Mat** - KIRKTON HOUSE - $11.99 (While Stocks Last)
- **Dry Stone Bath Mat** - EASY HOME - $13.99 (While Stocks Last)
- **Ribbed Bathroom Accessories** - EASY HOME - $5.99 (While Stocks Last)
- **Ribbed Toilet Roll Holder, Bin or Brush** - EASY HOME - $14.99 (While Stocks Last)

#### Towels
- **Towel Set** - KIRKTON HOUSE - $29.99 (While Stocks Last)
- **Childrens Zip Up Hooded Towel** - SANDY CAPE - $24.99 (While Stocks Last)

#### Beauty Storage
- **Make Up Storage** - EASY HOME - $19.99 (While Stocks Last)

### Outdoor & Leisure

#### Water & Pool Toys
- **Soft Ball Set** - CRANE - $12.99 (While Stocks Last)
- **Water Slide** - CRANE - $29.99 (While Stocks Last)
- **Sprinkler Toy** - FINDON - $9.99 (While Stocks Last)
- **Giant Inflatable Sprinkler** - COCONUT GROVE - $24.99 (While Stocks Last)
- **Lounger and Tube Assortment** - BESTWAY - $9.99 (While Stocks Last)
- **Towable Board** - CRANE - $19.99 (While Stocks Last)
- **Snorkel and Diving Set** - CRANE - $9.99 (While Stocks Last)

#### Lawn & Outdoor Games
- **Wooden Lawn Games** - COCONUT GROVE - $19.99 (While Stocks Last)

#### Picnic & Outdoor
- **Pull Along Picnic Cooler** - LS LIVE IN STYLE - $29.99 (While Stocks Last)
- **Compact Picnic Mat** - ADVENTURIDGE - $9.99 (While Stocks Last)

### Storage & Home

#### Storage Solutions
- **Tissue Box Holder or Accessory Tray** - EASY HOME - $19.99 (While Stocks Last)
- **Apothecary Glass Jar Set** - EASY HOME - $11.99 (While Stocks Last)
- **Magnetic Storage Assortment** - EASY HOME - $5.99 (While Stocks Last)
- **Stackable Storage Box with Handle** - EASY HOME - $9.99 (While Stocks Last)
- **Folding Boxes** - EASY HOME - $3.99 (While Stocks Last)
- **Collapsible Wardrobe Organisers** - EASY HOME - $8.99 (While Stocks Last)
- **Drawer Organisers 6 Pack** - EASY HOME - $9.99 (While Stocks Last)

#### Home Organization
- **Folding Step Stool** - HOME CREATION - $5.99 (While Stocks Last)
- **3 Tier Ribbed Tower Stand** - EASY HOME - $19.99 (While Stocks Last)

---

## Available from Wednesday 21st January

### Food Themes

#### Snacks & Chips
- **BBQ Shapes 175g** - ARNOTT'S - $1.99 ($1.14 per 100g)
- **Chicken Crimpy Shapes 175g** - ARNOTT'S - $1.99 ($1.14 per 100g)
- **Shapes Pizza 190g** - ARNOTT'S - $1.99 ($1.05 per 100g)
- **Sweet Chilli & Sour Cream Chips 165g** - RED ROCK DELI - $2.99 ($1.81 per 100g)
- **BBQ Infused Entertainers Mix 700g** - THE HAPPY NUT - $7.99

#### Confectionery
- **Peanut Bucket 575g** - MARS - $13.99 ($2.43 per 100g)
- **Chocolate Party Edition 470g** - CADBURY - $11.99 ($2.55 per 100g)

#### Condiments & Sauces
- **Lemon and Herb Quick Marinade 260g** - NANDO'S - $3.49 ($1.34 per 100g)
- **Medium Quick Marinade 262g** - NANDO'S - $3.49 ($1.33 per 100g)
- **Tennessee Original BBQ Sauce 280g** - GRILL SOCIETY - $3.99
- **Sweet Honey BBQ Sauce 280g** - GRILL SOCIETY - $3.99
- **Spicy Ketchup BBQ Sauce 280g** - GRILL SOCIETY - $3.99

#### Seasonings & Salts
- **Chilli Sea Salt Flakes 120g** - GRILL SOCIETY - $2.79
- **Garlic Sea Salt Flakes 120g** - GRILL SOCIETY - $2.79
- **Finish Sea Salt Flakes 120g** - GRILL SOCIETY - $2.79
- **Sriracha Chicken Seasoning 40g** - $2.49 ($6.23 per 100g)
- **Buffalo Chicken Seasoning 40g** - $2.49 ($6.23 per 100g)
- **Honey Pepper Chicken Seasoning 40g** - $2.49 ($6.23 per 100g)
- **Asian Lime Chicken Seasoning 40g** - $2.49 ($6.23 per 100g)

#### Pickles & Olives
- **Dolmades 280g** - ZANAE - $3.69 ($13.18 per kg)
- **Giant Baked Beans 280g** - ZANAE - $3.69 ($13.18 per kg)
- **Sweet and Sour Cucumber 1.95kg** - DELI ORIGINALS - $8.99 ($4.61 per kg)
- **European Cucumber 1.95kg** - DELI ORIGINALS - $8.99 ($4.61 per kg)
- **Olive Medley 1.6kg** - LYTTOS - $12.99 ($8.12 per kg)
- **Whole Green Queen Olives 935g** - DELI ORIGINALS - $6.99 ($7.48 per kg)
- **Medley Queen Olives 935g** - DELI ORIGINALS - $6.99 ($7.48 per kg)

#### Ready Meals & Frozen Foods
- **Chicken, Cheese & Bacon Sausage Rolls 600g** - READY, SET…COOK! - $8.99 ($1.50 per 100g)
- **Snag Bag Philly Cheesesteak 500g** - AS SURE AS HELLERS - $6.99 ($13.98 per kg)
- **Flatbread Sliders 8 Pack** - DIEGO'S - $3.99 ($1.11 per 100g)

### Limited Time Only Meat
- **Cooked Fresh Australian Black Tiger Prawns 1kg** - THE FISHMONGER - $27.99 ($27.99 per kg)
- **Maple & Bourbon Pork Belly** - BRUEMAR - $24.19 (approx. 1.1kg, $21.99 per kg)

### Liquor

#### Beer & Cider
- **Super Dry 10 Pack 375ml** - HAHN - $24.99
- **Ginger Beer 12 Pack 375ml** - BUNDABERG - $14.49 ($3.22 per L)
- **Ginger Beer 300ml 6 Pack** - MATSO'S BROOME BREWERY - $24.99
- **Hazy IPA 4 Pack 375ml** - BALTER - $19.99

#### Cocktails & Seltzers
- **Fizzer Seltzer 10pk** - MOON DOG - $34.99
- **Sparkling Margarita 4 Pack 330ml** - JOSE CUERVO - $16.99

### Beauty

#### Hair Care
- **Assorted Shampoo or Conditioner 400ml** - NATURES ESSENCE - $2.00 ($0.50 per 100ml)
- **Assorted Shampoo or Conditioner 80ml/90ml** - BRANDED - $2.00 ($2.22-$2.50 per 100ml)
- **Assorted Hair Accessories** - PROTANE - $2.00 each

#### Skin Care
- **Assorted Intensive Care Body Lotion 100ml** - VASELINE - $2.00 ($2.00 per 100ml)
- **Assorted Verde Cleansing Wipes 25 Pack** - LACURA - $2.00 ($0.08 each)
- **Assorted Antibacterial Wipes 40 Pack** - CONFIDENCE - $2.00

#### Bath & Body
- **Natural Australian Triple Milled Soap 150g Assortment** - NATM SOAP - $2.00 ($1.33 per 100g)
- **Assorted Face and Body Bath Accessories** - LACURA - $2.00 each

#### Beauty Tools
- **Assorted Pedicure Tools** - LACURA BEAUTY - $2.00 each
- **Assorted Beauty Blenders** - LACURA BEAUTY - $2.00
- **Assorted Nail Sticker Wraps 16 Pack** - LACURA BEAUTY - $2.00
- **Assorted Nail Files 4 Pack** - LACURA BEAUTY - $2.00

### Tools and DIY

#### Power Tools
- **3.6V Li-ion Cordless Screwdriver** - FERREX - $27.99
- **Assorted Drill and Bit Sets** - FERREX - $9.99
- **Bit Set 105pc** - WORKZONE - $19.99

#### Hand Tools & Hardware
- **Assorted Carpentry Tools** - WORKZONE - $11.99
- **Assorted Saws** - WORKZONE - $12.99
- **Assorted DIY Kits** - WORKZONE - $4.99
- **Assorted Ropes and Cords** - WORKZONE - $7.99
- **Assorted Hooks or Tool Holders** - WORKZONE - $7.99

#### Workshop Equipment
- **Foldable Hand Truck** - WORKZONE - $49.99
- **Dolly Trolley Assortment** - WORKZONE - $17.99

### Household Specials

#### Kitchen
- **Assorted Kitchen Gadgets** - JOIE - $4.99
- **Assorted Containers with Compartments** - JOIE - $11.99

#### Home & Garden
- **Assorted Floor Mats** - ECOMAT - $12.99

---

## Available from Saturday 24th January

### Pantry Staples

#### Snacks & Treats
- **Oat Slice 24 Pack 840g** - CARMAN'S - $19.99 ($2.38 per 100g)
- **Fruit Straps 20 Pack 420g** - CARMAN'S - $17.99 ($4.28 per 100g)
- **Cashews Roasted & Salted 1kg** - FORRESTERS - $16.99 ($16.99 per kg)
- **Bar Mix 375g** - FORRESTERS - $4.79 ($12.77 per kg)
- **Chips Mega Mix 60 Pack 1140g** - SMITH'S - $19.99 ($1.75 per 100g)
- **Natural Popcorn Variety 16 Pack 205g** - COBS - $7.49
- **Pringles Minis Variety Box 30 Pack 570g** - PRINGLES - $16.99 ($2.98 per 100g)
- **Arnott's Favourites 5 Pack 375g** - ARNOTT'S - $5.99 ($1.60 per 100g)
- **Assorted Flavoured Snacks 24 Pack 480g** - $8.99 ($1.87 per 100g)

#### Confectionery
- **Trolli Multimix 500g** - TROLLI - $7.99 ($1.60 per 100g)
- **Milkybar 50 Pack 725g** - NESTLE - $18.99 ($2.62 per 100g)
- **Strawberry Delight 150g** - SWEET VINE - $3.49 ($23.27 per kg)
- **Milo Nuggets 8 Pack 120g** - NESTLE - $8.99 ($7.49 per 100g)
- **Dipped Snack Bars 36 Pack 972g** - NESTLE - $22.99 ($2.37 per 100g)
- **Party Candy Mix 1kg** - FAMILY FAVOURITES - $9.49 ($0.95 per 100g)
- **Sour Candy Mix 1kg** - FAMILY FAVOURITES - $9.49 ($0.95 per 100g)
- **Chocolate Coated Pretzels 300g-400g** - HUGOS - $9.99 ($3.33 per 100g)

#### Pantry Essentials
- **Extra Virgin Coconut Oil 900g** - OH SO NATURAL ORGANIC - $9.99 ($1.11 per 100g)
- **Tuna in Oil 285g** - SIRENA - $6.49 ($22.77 per kg)
- **Naked Ginger Sliced 350g** - BUDERIM GINGER - $8.89 ($2.54 per 100g)
- **Flaxseed Meal 1kg** - OH SO NATURAL WHOLEFOODS - $8.99 ($0.90 per 100g)

#### Instant Meals
- **The Big Cheese XL Mac & Cheese Bowl 105g** - BIG CHEESE - $2.39 ($2.28 per 100g)
- **Indomie Mi Goreng Instant Noodles 5 x 85g** - INDOMIE - $3.69 ($0.87 per 100g)
- **Onion Flavoured Instant Noodles 5 x 85g** - WEI LIH - $4.29 ($1.01 per 100g)
- **Jelly Drinks 900g** - KUSHI - $3.49 ($0.39 per 100g)

#### Meat Snacks
- **Beef Steak Bars 125g** - JACK LINK'S - $12.99 ($103.92 per kg)

#### Breakfast
- **Jumbo Variety Cereal Pack 25 Pack 750g** - KELLOGG'S - $19.99 ($2.67 per 100g)

### Storage and Home

#### Cleaning Products
- **Carpet Power 500ml** - OZKLEEN - $3.99 ($0.80 per 100ml)
- **Extra Power Toilet Shield 900ml** - DUCK - $5.29
- **Gold Stain Remover Powder 1kg** - VANISH - $8.49
- **Biodegradable Wipes 300pk** - DETTOL - $13.99
- **The Pink Stuff Miracle Clean Paste Kit** - THE PINK STUFF - $7.99
- **Lemon Myrtle Air Freshener 120ml** - SIMPLY CLEAN - $3.99 ($3.19 per 100ml)

#### Cleaning Tools
- **Cloth Wipes Bulk 50 Pack Assortment** - POWER FORCE - $3.99
- **Assorted Microfibre Dusters** - POWER FORCE - $4.99
- **3 in 1 Spray Window Washer Assortment** - POWER FORCE - $9.99
- **No Touch Cleaning Mop** - EASY HOME - $9.99
- **Assorted Cleaning Set** - POWER FORCE - $12.99

#### Cleaning Appliances
- **Ultrasonic Cleaner** - AMBIANO - $34.99
- **2 in 1 Cordless Stick Vacuum Cleaner** - EASY HOME - $99.99
- **Cordless Hard Floor Cleaner** - AMBIANO - $179.00
- **Handheld Spot Cleaner** - AMBIANO - $69.99
- **Electric Cleaning Brush** - AMBIANO - $19.99
- **Portable Vacuum Cleaner** - AMBIANO - $34.99
- **Multi Cyclonic Vacuum Cleaner** - AMBIANO - $89.99
- **Upholstery and Carpet Cleaner** - AMBIANO - $129.00

### Technology and Entertainment

#### TVs & Displays
- **70" Ultra HD Tizen Smart TV** - BAUHN - $499.00
- **49" Full HD Tizen Smart TV** - BAUHN - $329.00

#### TV Accessories
- **Low Profile Bracket or 2m HDMI Cable** - BAUHN - $24.99
- **Assorted TV Accessories** - BAUHN - $9.99

#### Networking & Electronics
- **Mercusys Mesh Networking 3 Pack** - BRANDED - $119.00
- **Electrical Power Meter** - BAUHN - $16.99

---

## Available from Wednesday 28th January

### Food & Confectionery

#### Chocolate & Sweets
- **Nutella 900g** - FERRERO - $11.99 ($1.33 per 100g)
- **Chocolate Heart 100g** - DARRELL LEA - $5.99 ($5.99 per 100g)
- **Minis 145g** - MARS - $3.99 ($2.75 per 100g)
- **Snickers Coffee 44g** - MARS - $1.19 ($2.70 per 100g)
- **Shortbread Heart Tin 150g** - BRANDED - $3.99 ($2.66 per 100g)

#### Pancake Making
- **Gluten Free Buttermilk Pancake Shake 300g** - GREENS - $2.79 ($0.93 per 100g)
- **Pancake and Waffle Mix Original Vanilla Flavour 400g** - $2.99 ($0.75 per 100g)
- **Pancake and Waffle Mix Banana Flavour 400g** - $2.99 ($0.75 per 100g)
- **Pancake and Waffle Mix Cinnamon Bun Flavour 400g** - $2.99 ($0.75 per 100g)
- **Pancake Utensils and Gadgets** - JOIE - $3.99
- **Egg Pans** - CROFTON - $21.99

### Limited Time Only Meat

#### Fresh Meat
- **Kangaroo Mince 1kg** - K-ROO - $10.99 ($10.99 per kg)
- **Pork Knuckle** - READY, SET…COOK! - $12.09 (approx. 1.1kg, $10.99 per kg)
- **RSPCA Approved Chicken Schnitzel Bulk Pack 1.2kg** - READY, SET…COOK! - $11.99 ($9.99 per kg)
- **Manuka Honey & Rosemary Boneless Butterflied RSPCA Approved Chicken** - HAZELDENES SINCE 1938 - $11.39 (approx. 0.95kg, $11.99 per kg)

### Cookware & Kitchen

#### Cast Iron
- **Cast Iron Deep Skillet** - CROFTON - $19.99
- **Cast Iron Assortment** - CROFTON - $19.99
- **Valentines Accessories** - JOIE - $3.99

### Clothing & Underwear

#### Women's Underwear
- **Women's Bikini Underwear 3 Pack** - SERRA - $6.99
- **Women's Boyleg Underwear 3 Pack** - SERRA - $6.99
- **Women's Full Brief Underwear 3 Pack** - SERRA - $6.99
- **Women's Cami 1 Pack** - SERRA - $6.99
- **Women's Wirefree Bra 2 Pack** - SERRA - $14.99
- **Women's T-Shirt Bra 2 Pack** - SERRA - $14.99
- **Women's Period Underwear 2 Pack** - $19.99
- **Women's Socks 3 Pack** - SERRA - $3.99

#### Men's Underwear
- **Men's Briefs 7 Pack** - WEST BAY - $14.99
- **Men's Trunks 5 Pack** - WEST BAY - $18.99
- **Men's Tanktop 2 Pack** - WEST BAY - $7.99
- **Men's Tee 2 Pack** - WEST BAY - $7.99
- **Men's Socks 3 Pack** - WEST BAY - $3.99

### Bedroom & Home Decor

#### Children's Bedroom
- **Children's Blanket with Animal Hood** - KIDS BY KIRKTON HOUSE - $19.99
- **Children's Chill Out Pad** - KIRKTON HOUSE - $69.99
- **Children's Decorative Rug** - KIDS BY KIRKTON HOUSE - $29.99
- **Children's Novelty Pillow** - KIDS BY KIRKTON HOUSE - $9.99
- **Children's Plush Throw** - KIDS BY KIRKTON HOUSE - $9.99
- **Double Bed Size Children's Quilted Coverlet Set** - KIDS BY KIRKTON HOUSE - $44.99
- **Single Bed 225 Thread Count Fitted Sheet Pack** - KIDS BY KIRKTON HOUSE - $18.99
- **Kids Printed Bed Pad** - CONNI - $29.99

#### Home Decor
- **Retro Cushions** - KIRKTON HOUSE - $17.99
- **LED Light Pillar** - CASALUX - $29.99

---
## Available from Saturday 31st January

### Food Specials

#### Snacks & Confectionery
- **Maltesers Giftbox 400g** - MALTESERS - $7.75 ($1.94 per 100g)
- **Cadbury Roses Giftbox 380g** - CADBURY - $9.99 ($2.63 per 100g)
- **Doritos Cheese Supreme 170g** - DORITOS - $2.49 ($1.46 per 100g)
- **Big Bag Original Mix 350g** - MAJANS - $5.49 ($1.57 per 100g)
- **McVitie's Go Ahead Forest Fruit 174g** - MCVITIE'S - $2.49 ($1.43 per 100g)
- **McVitie's Go Ahead Apple 174g** - MCVITIE'S - $2.49 ($1.43 per 100g)
- **McVitie's Hobnobs Oat Snap Cookie 255g** - MCVITIE'S - $1.99 ($0.78 per 100g)
- **Violet Crumble 150g** - MENZ - $2.99 ($1.99 per 100g)

#### Instant Meals
- **Samyang Buldak Hot Chicken Carbonara Ramen Noodles Bowl 105g** - SAMYANG - $2.89

### Office Furniture

#### Desks & Chairs
- **Office Desk** - SOHL - $79.99
- **Office Chair** - SOHL - $59.99
- **Gaming Chair** - SOHL - $119.00
- **Office Desk Raiser with Drawer** - PEMBROOK - $19.99
- **Foldable Laptop Table** - PEMBROOK - $19.99
- **Lap Desk** - PEMBROOK - $16.99

#### Office Accessories
- **Paper Shredder** - OFFICE PRO - $39.99
- **Large Desk Mat** - PEMBROOK - $14.99
- **Corkboard or Whiteboard** - PEMBROOK - $9.99
- **Bamboo Tech Storage** - PEMBROOK - $9.99
- **Stationery Accessories** - PEMBROOK - $4.99
- **Inspirational Stationery** - LITTLE FINCH - $5.99
- **Planner or Family Calendar** - PEMBROOK - $7.99

### Technology and Entertainment

#### Audio & Headsets
- **Office Wireless Full Headset** - BAUHN - $34.99
- **Office Wireless Half Headset with Dock** - BAUHN - $44.99
- **Active Noise Cancelling Wireless Earbuds** - BAUHN - $29.99
- **Premium Ear Plug** - BAUHN - $18.99

#### Tech Accessories
- **ChargeUp Titan 30K Power Bank** - CYGNETT - $69.99
- **Assorted Powerboards** - BAUHN - $29.99
- **Cable Power Board Tidy Unit** - EASY HOME - $9.99
- **Phone Mount Assortment** - BAUHN - $19.99
- **Monitor Privacy Screen Assortment** - BAUHN - $22.99
- **IT Accessories** - BAUHN - $24.99
- **LED Table Lamp with Wireless Charger** - CASALUX - $29.99
- **Reading Light Assortment** - CASALUX - $9.99
- **Rechargeable Keyring Light 2 Piece, Penlight or Flashlight** - CASALUX - $9.99

#### Cleaning & Maintenance
- **Lens Cleaning Wipes 200 Pack** - POWER FORCE - $6.99 ($3.50 per 100 each)

### Lunch Storage

#### Lunch Containers & Accessories
- **Plastic Bento Style Lunchbox** - CROFTON - $6.99
- **Insulated Lunch Case** - CROFTON - $9.99
- **Glass Container or Drink Bottle** - CROFTON - $6.99
- **Insulated Tumbler** - CROFTON - $12.99
- **Compartment Snackle Box** - MELII - $7.99
- **On The Go Lunch Containers and Accessories** - JOIE - $3.99
- **Large Travel Mug Accessories** - JOIE - $6.99
- **Cheese Essentials** - JOIE - $4.99

---

## Available from Wednesday 4th February

### Food Specials

#### Asian & International Foods
- **Mayonnaise 300g** - KEWPIE - $4.28 ($1.43 per 100g)
- **Dumpling Sauce 190ml** - UMBRO - $2.98 ($1.57 per 100ml)
- **Noodle Bowls 240g Mongolian** - URBAN EATS - $2.68 ($1.12 per 100g)
- **Noodle Bowls 240g Teriyaki** - URBAN EATS - $2.68 ($1.12 per 100g)
- **Korean BBQ Noodle Bowl 240g** - URBAN EATS - $2.68 ($1.12 per 100g)
- **Japanese Sukiyaki Noodle Bowl 240g** - URBAN EATS - $2.68 ($1.12 per 100g)
- **Sweet & Sour Noodle Bowl 240g** - URBAN EATS - $2.68 ($1.12 per 100g)
- **Kung Pao Noodle Bowl 240g** - URBAN EATS - $2.68 ($1.12 per 100g)
- **Turtle Chips Choco Churro 250g** - ORION - $5.98 ($2.39 per 100g)
- **Thai Hom Mali Jasmine Rice 5kg** - HEAVEN'S HARVEST - $12.98 ($0.26 per 100g)
- **Sichuan Chilli Crisp 190g** - BRANDED - $3.48 ($1.83 per 100g)
- **Crispy Onions 150g** - ASIA GREEN GARDEN - $3.88
- **Plum Sauce 210ml** - AYAM BRAND CLOUET - $2.88 ($1.37 per 100ml)
- **Golden Curry Sauce Mix 92g** - S&B - $3.88 ($4.22 per 100g)
- **San Choy Bao Stir Fry Sauce 120g** - ASIA SPECIALITIES - $1.48 ($1.23 per 100g)
- **Assorted Meal Kits 358g-419g** - MARION'S KITCHEN - $6.88 ($1.64-$1.92 per 100g)
- **Meal Kits 315g-342g Assortment** - MARION'S KITCHEN - $6.88 ($2.01-$2.18 per 100g)
- **Ponzu Citrus Sauce 250ml** - BRANDED - $2.98 ($1.19 per 100ml)
- **Rice Vinegar 250ml** - BRANDED - $2.98 ($1.19 per 100ml)
- **Mirin 250ml** - BRANDED - $2.98 ($1.19 per 100ml)

#### Cooking Herbs & Spices
- **Assorted Cooking Herbs 230g** - STONEMILL - $2.48 ($1.08 per 100g)

#### Honey
- **Manuka Liquid Honey MGO88+ 500g** - AIRBORNE - $13.88 ($2.78 per 100g)
- **Manuka Creamed Honey MGO88+ 500g** - AIRBORNE - $13.88 ($2.78 per 100g)

### Limited Time Only Meat

#### Ready to Cook Meals
- **Honey Soy Pork Belly Rashers** - READY, SET…COOK! - $10.58 (approx. 0.415kg per package, $25.49 per kg)
- **Chicken Bao Buns Meal Kit 785g** - READY, SET…COOK! - $15.99 ($20.37 per kg)

#### Chicken
- **Chicken Tenders 500g** - JULIUS - $19.99 ($4.00 per 100g)
- **RSPCA Approved Chicken Tenderloins Bulk Pack** - BROAD OAK FARMS - $12.49 (approx. 1kg per package, $12.49 per kg)

### Liquor

#### Whisky
- **Sherry Cask Whisky 700ml** - GLEN MARNOCH - $55.99

#### Cocktails & Spirits
- **Margarita Mix Gift Pack** - JOSE CUERVO - $64.99
- **Gold Flaked Vodka 700ml** - INVENTUM DISTILLING - $49.99
- **Gin Pink Darley's 700ml** - DARLEY'S - $38.99

#### Beer
- **TropicALDI 6 Pack 375ml** - HAWKE'S - $13.99

### Pet

#### Dog
- **Marrobones 737g** - SCHMACKOS - $9.99 ($1.36 per 100g)
- **Beef Liver Treats 200g** - LOVE'EM - $9.99 ($5.00 per 100g)

#### Cat
- **Recycled Paper Cat Litter 20L** - BREEDERCELECT - $17.99 ($0.90 per L)
- **Cat Food 48 Pack 85g** - FELIX - $32.99 (4,080g total, $0.81 per 100g)

### Lunar New Year

#### Kitchen & Dining
- **Bamboo Steamer Basket** - CROFTON - $14.88
- **Carbon Steel Wok Pan 35cm** - CROFTON - $24.88
- **Assorted Lunar New Year Dining Accessories** - CROFTON - $6.88
- **Digital Rice Cooker Assortment** - AMBIANO - $58.88

#### Dining
- **Printed Tablecloth Assortment** - PEPPERTREE - $14.88

### Bedroom

#### Bedding
- **Feather Pillow 2 Pack** - KIRKTON HOUSE - $24.99
- **Assorted 300 Thread Count Fitted Sheet Pack** - KIRKTON HOUSE - $29.99-$39.99

#### Bathroom
- **Assorted Australian Cotton Bath Sheet 2 Pack** - KIRKTON HOUSE - $29.99
- **4 Piece Bath Mat Set Assortment** - KIRKTON HOUSE - $14.99

### Home & Storage

#### Storage & Organization
- **Corduroy Laundry Hamper Assortment** - EASY HOME - $14.99
- **Storage Box Large Assortment** - EASY HOME - $7.99
- **Assorted Premium Plastic Hangers 10 Pack** - EASY HOME - $4.99

---

# ALDI Special Buys

## Available from Wednesday 11th February

### Nuts & Seeds

- **Mixed Nuts Dry Roasted 1kg** - FORRESTERS - $22.99 ($22.99/kg)
- **Roasted & Salted Mixed Nuts 1kg** - FORRESTERS - $22.99 ($22.99/kg)
- **Almonds Dry Roasted 1kg** - FORRESTERS - $16.99 ($16.99/kg)
- **Mixed Nuts Natural 1kg** - FORRESTERS - $20.99 ($20.99/kg)
- **Dry Roasted Cashews 1kg** - FORRESTERS - $19.99 ($19.99/kg)
- **Cashews Natural 1.2kg** - OH SO NATURAL WHOLEFOODS - $19.99 ($16.66/kg)
- **Almonds Natural 1.2kg** - FORRESTERS - $17.99 ($14.99/kg)
- **Natural Walnuts 1kg** - FORRESTERS - $17.99 ($17.99/kg)
- **Pistachios Roasted & Salted 1kg** - FORRESTERS - $19.99 ($19.99/kg)
- **Roasted & Salted Pumpkin Seeds 300g** - THE HAPPY NUT - $4.99 ($1.66/100g)
- **Pepita Seeds 350g** - OH SO NATURAL FOODS - $3.99 ($1.14/100g)
- **Sunflower Seeds 650g** - OH SO NATURAL FOODS - $3.99 ($0.61/100g)

### Food & Pantry

- **Medjool Dates 1kg** - THE PERFECT DATE - $15.99 ($15.99/kg)
- **Basmati Rice 5kg** - HEAVEN'S HARVEST - $14.99 ($0.30/100g)
- **Organic Hulled Tahini 375g** - OH SO NATURAL ORGANIC - $4.79 ($1.28/100g)
- **Capers 700g** - SANDHURST - $6.99 ($9.99/kg)
- **Australian Wholegrain Freekeh 500g** - THE HAPPY NUT - $5.99
- **Harissa Paste 140g** - $3.99 ($2.85/100g)

### Meat

- **Fresh Whole Duck 2.1kg** - LUV-A-DUCK - $17.99 ($9.00/kg)
- **Maple Glaze Pork Scotch Fillet Steaks** - RIVERVIEW FARMS EST 1971 - $11.65 (~0.53kg, $21.99/kg)
- **RSPCA Approved Chicken Bites with Honey Sauce 500g** - LET'S EAT MOIRA MAC'S - $9.99 ($9.99/kg)
- **Pork Chipolatas 1kg** - SUNPORK FRESH FOODS - $9.99 ($9.99/kg)

### Household & Cleaning

- **Sensitive Laundry Powder 5kg** - TRIMAT ADVANCED - $24.99 ($5.00/kg)
- **Bulk Toilet Block 10 Pack** - POWER FORCE - $7.99 ($1.60/100g)
- **Paper Towel Double Length 4 Pack** - VIVA - $9.49 ($1.98/100 sheets)
- **Disinfectant Wipes 2 x 120 Pack** - POWER FORCE PRO - $6.99 ($2.91/100 each)
- **Dishwashing Liquid Refill 3L** - TANDIL - $7.99 ($0.27/100ml)
- **Bleach Tablets 40 Pack** - WHITE KING - $3.99 ($0.10 each)
- **Super Power Stain Remover 420ml** - SARD - $3.99 ($0.95/100ml)
- **Platinum Plus Dishwashing Tablets 70 Pack** - FAIRY - $29.99
- **Ultimate Laundry Liquid 2L** - OMO - $17.99
- **Laundry Liquid Regular 4L** - TRIMAT ADVANCED - $19.99 ($5.00/L)
- **Microfibre Cloths 50 Pack** - POWER FORCE - $16.99 ($0.34 each)
- **Liquid Handwash Refill 3L** - TRICARE - $8.99 ($0.30/100ml)
- **Scent Booster Beads 500g** - ALMAT COMFY - $12.99 ($2.60/100g)
- **Takeaway Containers 15 Pack** - POWER FORCE - $5.99 ($0.40 each)

### Personal Care

- **Max Fresh Toothpaste 3 x 200g** - COLGATE - $16.49 ($2.75/100g)
- **Toothbrushes 6 Pack** - COLGATE - $6.49 ($1.08 each)
- **Body Spray Value Pack 2 x 106g** - LYNX - $7.99 ($3.77/100g)
- **Longer & Stronger Shampoo or Conditioner 700ml** - SUNSILK - $6.99 ($1.00/100ml)

### Tools & DIY

- **Crimping Tool Set** - WORKZONE - $13.99
- **Mitre Saw Stand** - SCHEPPACH - $89.99
- **Mitre Saw** - SCHEPPACH - $149.00
- **Piggy Back Extension Lead 10m** - WORKZONE - $11.99
- **Heavy Duty Straps** - WORKZONE - $9.99
- **Multi Wrench or Ratcheting Screwdriver** - WORKZONE - $14.99
- **Assorted Electrical Tools** - WORKZONE - $12.99
- **Assorted Tapes** - WORKZONE - $4.99
- **Assorted Drill Bit Sets** - FERREX - $9.99
- **Portable Bit Holder** - WORKZONE - $9.99
- **Assorted Tool Sets** - WORKZONE - $12.99
- **Magnetic Workshop Accessories** - WORKZONE - $8.99
- **Assorted Cable Ties** - WORKZONE - $7.99

---


## Available from Saturday 7th February

### Automotive

#### Car Care & Accessories
- **Trolley Bag Linked** - ALDI - $19.99
- **IGO CAM445 Dash Cam** - UNIDEN - $89.99
- **Multifunctional Car Vacuum Cleaner** - AMBIANO - $49.99
- **Batteries AA/AAA 431910** - DURACELL - $14.99 (24 pack, $0.62 each)
- **Air Freshener Assortment** - FRSH SCENTS - $2.69
- **Assorted Car Sunshade** - RIDE+GO - $5.99
- **Car Accessories Assortment** - RIDE+GO - $12.99
- **Car Cushion Assortment** - RIDE+GO - $19.99

### Caravan & Camping

#### Caravan Equipment
- **Caravan Extension Lead 15m** - ADVENTURIDGE - $24.99
- **24" HD Smart TV with Built in Battery and 12V DC Charger** - BAUHN - $189.00
- **Flexible Solar Panel 200W** - BRANDED - $159.00
- **Caravan Awning Tensioners Assorted** - ADVENTURIDGE - $14.99
- **Caravan Cover, 14-16ft** - ADVENTURIDGE - $99.99
- **Caravan Cover, 18-20ft** - ADVENTURIDGE - $119.00
- **10m Hose Assortment** - ADVENTURIDGE - $19.99
- **Caravan Accessories Assorted** - ADVENTURIDGE - $9.99
- **Large Collapsible Accessories Assortment** - ADVENTURIDGE - $19.99
- **Side Wall Caravan Privacy Screen Assortment** - ADVENTURE RIDGE - $24.99
- **Assorted Caravan Appliances** - ADVENTURIDGE - $59.99
- **Front Wall Caravan Privacy Screen Assortment** - ADVENTURIDGE - $39.99
- **Assorted Caravan Setup Essentials** - ADVENTURIDGE - $39.99

#### Camping & Outdoor
- **Portable Table Assortment** - RIDE + GO - $16.99
- **Assorted Cool Touch Camp Blanket** - ADVENTURIDGE - $49.99
- **Multi Purpose Floor Mat Assortment** - ADVENTURIDGE - $14.99
- **Assorted High Back Reclining Chair Mix** - ADVENTURIDGE - $69.99
- **Assorted Camping Accessories** - ADVENTURIDGE - $49.99
- **Collapsible Food Containers Assortment** - CROFTON - $14.99

### Outdoor Clothing & Footwear

#### Adult's Activewear
- **Adult's Waterproof Jacket** - CRANE PERFORMANCE - $34.99
- **Women's Hiking Trail Tights Assortment** - CRANE PERFORMANCE - $17.99
- **Adult's Outdoor Sports Socks 2 Pack** - CRANE - $4.99
- **Adult Hiking Shoes** - CRANE - $34.99
- **Adult's Sports T-Shirt or Tank** - CRANE PERFORMANCE - $8.99
- **Adult's Convertible Hiking Pants** - CRANE - $24.99
- **Adult Trek Sandals** - CRANE - $19.99

#### Children's Outdoor Wear
- **Assorted Children's Hiking Jacket** - LILY & DAN - $24.99

---
*Store: 2745, Glenmore Park*

# ALDI Special Buys

## Available from Wed 11th February

### Nuts & Seeds

- **Mixed Nuts Dry Roasted 1kg** - FORRESTERS - $22.99 ($22.99/kg)
- **Almonds Dry Roasted 1kg** - FORRESTERS - $16.99 ($16.99/kg)
- **Dry Roasted Cashews 1kg** - FORRESTERS - $19.99 ($19.99/kg)
- **Pistachios Roasted & Salted 1kg** - FORRESTERS - $19.99 ($19.99/kg)
- **Natural Walnuts 1kg** - FORRESTERS - $17.99 ($17.99/kg)
- **Cashews Natural 1.2kg** - OH SO NATURAL - $19.99 ($16.66/kg)

### Food & Pantry

- **Medjool Dates 1kg** - THE PERFECT DATE - $15.99 ($15.99/kg)
- **Basmati Rice 5kg** - HEAVEN'S HARVEST - $14.99 ($0.30/100g)
- **Capers 700g** - SANDHURST - $6.99 ($9.99/kg)

### Meat

- **Fresh Whole Duck 2.1kg** - LUV-A-DUCK - $17.99 ($9.00/kg)
- **Pork Chipolatas 1kg** - SUNPORK - $9.99 ($9.99/kg)
- **RSPCA Chicken Bites with Honey Sauce 500g** - MOIRA MAC'S - $9.99 ($9.99/kg)

### Household

- **Platinum Plus Dishwasher Tablets 70 Pack** - FAIRY - $29.99
- **Ultimate Laundry Liquid 2L** - OMO - $17.99
- **Paper Towel Double Length 4 Pack** - VIVA - $9.49 ($1.98/100 sheets)
- **Bleach Tablets 40 Pack** - WHITE KING - $3.99 ($0.10 each)

### Personal Care

- **Max Fresh Toothpaste 3 x 200g** - COLGATE - $16.49 ($2.75/100g)
- **Body Spray Value Pack 2 x 106g** - LYNX - $7.99 ($3.77/100g)

### Tools & DIY

- **Mitre Saw** - SCHEPPACH - $149.00
- **Mitre Saw Stand** - SCHEPPACH - $89.99

---

## Available from Sat 7th February

### Automotive

- **IGO CAM445 Dash Cam** - UNIDEN - $89.99
- **Multifunctional Car Vacuum Cleaner** - AMBIANO - $49.99

### Caravan & Camping

- **24" HD Smart TV with Battery & 12V DC Charger** - BAUHN - $189.00
- **Flexible Solar Panel 200W** - BRANDED - $159.00
- **Caravan Cover 14-16ft** - ADVENTURIDGE - $99.99
- **Assorted High Back Reclining Chair Mix** - ADVENTURIDGE - $69.99

### Outdoor Clothing

- **Adult's Waterproof Jacket** - CRANE PERFORMANCE - $34.99
- **Adult Hiking Shoes** - CRANE - $34.99
- **Adult's Convertible Hiking Pants** - CRANE - $24.99

---

## Available from Saturday 14th February

### Health & Wellness

- **Fisiocrem 250g** - FISIOCREM - $29.99 ($12.00/100g)
- **Pain Away 70g** - PAIN AWAY - $9.49 ($13.56/100g)
- **Back Stretcher** - ONSET - $9.99
- **Support Bandages** - ONSET - $5.99
- **Kinesiology Sports Tape** - ONSET - $4.99
- **Premium Support Bandages** - ONSET - $9.99
- **Back Stabiliser** - ONSET - $19.99
- **TENS EMS Replacement Pads** - WELLNESS PLUS - $11.99
- **Adult Insoles** - CRANE - $13.99
- **Acupressure Mat & Pillow or Massage Roller** - CRANE - $18.99
- **Posture Trainer** - ONSET - $14.99
- **Wellness Assortment** - CRANE - $5.99
- **Fitness Strap Resistance Tube or Band Set** - CRANE - $9.99
- **Massage Assortment** - WELLNESS PLUS - $49.99

### Gardening

- **Premium Potting Mix 22L** - GARDENLIFE - $4.99
- **Sugar Cane Mulch** - GARDENLIFE - $12.99
- **In Ground Compost Bin** - GARDENLIFE - $14.99
- **Garden Soil 25L** - GARDENLIFE - $4.99
- **Garden Protective Cover 1m** - GARDENLINE - $29.99
- **Vegetable Garden Bed** - GARDENLINE - $24.99
- **Premium Line Trimmer** - GARDENLINE - $12.99
- **Lawn Saver Stones 3 Pack** - GARDENLIFE - $12.99
- **Garden Shade Sail or Fixing Kit** - BELAVI - $29.99
- **Stone Look Pot** - BELAVI - $24.99
- **Mini Pruning Shears 2 Piece Set** - GARDENLINE - $5.99
- **Garden Hose 20m** - GARDENLINE - $19.99
- **8 Pattern Spray Nozzle** - GARDENLINE - $7.99
- **Touchscreen Gardening Gloves** - GARDENLINE - $8.99
- **Garden Hand Tools** - GARDENLINE - $6.99
- **Assorted Garden Ties or Labels** - GARDENLINE - $3.99
- **Organic Packet Seeds** - GARDENLINE - $1.99
- **Framed Coir Door Mat** - GARDENLINE - $12.99
- **Controlled Release Fertiliser 1kg** - RP ROCKY POINT - $9.99

### Power Tools & Equipment

- **20V 2 in 1 Pole Pruner Hedger Skin** - FERREX - $99.99
- **20V Cordless Blower Skin** - FERREX - $49.99
- **20V 4.0Ah Battery** - XFINITY PLUS - $49.99
- **2 x 20V Mower Kit** - FERREX - $249.00
- **20V 2.0Ah Battery or 20V Fast Charger** - XFINITY PLUS - $24.99

---