[
  {
    "productID": "MEA001",
    "productName": "Karumba Australian MSC Certified Thawed Raw Banana Prawns",
    "category": "Meat, Seafood & Deli",
    "brand": "Karumba",
    "description": "Per kg, You can purchase this product starting Wednesday 3rd December",
    "price": "$17.00",
    "originalPrice": "$22.00",
    "savings": "$5.00",
    "specialType": "Half Price Specials"
  },
  {
    "productID": "BAK001",
    "productName": "Coles Pavlova",
    "category": "Bread & Bakery",
    "brand": "Coles",
    "description": "1 Pack, $8.00 per each, Down Down Was $9.20 on Nov 2025",
    "price": "$8.00",
    "originalPrice": "$9.20",
    "savings": "$1.20",
    "specialType": "Half Price Specials"
  },
  {
    "productID": "FRU001",
    "productName": "Australian White or Yellow Peaches",
    "category": "Fruit & Vegetables",
    "brand": "Coles",
    "description": "Per kg, You can purchase this product starting Wednesday 3rd December",
    "price": "$3.90",
    "originalPrice": null,
    "savings": null,
    "specialType": "All"
  },
  {
    "productID": "PAN001",
    "productName": "Kettle Potato Chips",
    "category": "Pantry",
    "brand": "Kettle",
    "description": "165g, $1.82 per 100g",
    "price": "$3.00",
    "originalPrice": "$6.00",
    "savings": "$3.00",
    "specialType": "Half Price Specials"
  },
  {
    "productID": "DRK001",
    "productName": "Nescafé Coffee Sachets",
    "category": "Drinks",
    "brand": "Nescafé",
    "description": "8 Pack-10 Pack",
    "price": "$4.00",
    "originalPrice": "$8.00",
    "savings": "$4.00",
    "specialType": "Half Price Specials"
  },
  {
    "productID": "PAN002",
    "productName": "Cadbury Favourites",
    "category": "Pantry",
    "brand": "Cadbury",
    "description": "680g-700g",
    "price": "$15.00",
    "originalPrice": "$30.00",
    "savings": "$15.00",
    "specialType": "Half Price Specials"
  },
  {
    "productID": "PAN003",
    "productName": "Ferrero Collection or Rocher Gift Box",
    "category": "Pantry",
    "brand": "Ferrero",
    "description": "24 Pack 269g or 30 Pack 375g",
    "price": "$16.00",
    "originalPrice": "$32.00",
    "savings": "$16.00",
    "specialType": "Half Price Specials"
  },
  {
    "productID": "HBT001",
    "productName": "Rexona 72hr Advanced Aerosol Deodorant",
    "category": "Health & Beauty",
    "brand": "Rexona",
    "description": "220mL, $2.39 per 100mL",
    "price": "$5.25",
    "originalPrice": "$10.50",
    "savings": "$5.25",
    "specialType": "Half Price Specials"
  },
  {
    "productID": "CLT001",
    "productName": "Bonds Men's Guyfront Trunk",
    "category": "Clothing",
    "brand": "Bonds",
    "description": "1 Pack",
    "price": "$12.50",
    "originalPrice": "$25.00",
    "savings": "$12.50",
    "specialType": "Half Price Specials"
  },
  {
    "productID": "DRK002",
    "productName": "Coca-Cola Soft Drink",
    "category": "Drinks",
    "brand": "Coca-Cola",
    "description": "30x375mL, $2.49 per litre",
    "price": "$28.00",
    "originalPrice": "$50.00",
    "savings": "$22.00",
    "specialType": "Half Price Specials"
  },
  {
    "productID": "PAN004",
    "productName": "Cobram Estate Extra Virgin Olive Oil",
    "category": "Pantry",
    "brand": "Cobram Estate",
    "description": "750mL, $2.00 per 100mL",
    "price": "$15.00",
    "originalPrice": "$25.00",
    "savings": "$10.00",
    "specialType": "Half Price Specials"
  },
  {
    "productID": "BAB001",
    "productName": "Huggies Bulk Nappy Pants",
    "category": "Baby",
    "brand": "Huggies",
    "description": "24 Pack-36 Pack",
    "price": "$13.00",
    "originalPrice": "$22.00",
    "savings": "$9.00",
    "specialType": "Half Price Specials"
  },
  {
    "productID": "MEA002",
    "productName": "Lilydale Free Range Hot Roast Sage & Onion Chicken",
    "category": "Meat, Seafood & Deli",
    "brand": "Lilydale",
    "description": "1 each, $12.00 per each",
    "price": "$12.00",
    "originalPrice": "$13.50",
    "savings": "$1.50",
    "specialType": "Half Price Specials"
  },
  {
    "productID": "PAN005",
    "productName": "Cadbury Chocolate Coated Fruit or Nut Jar",
    "category": "Pantry",
    "brand": "Cadbury",
    "description": "270g-340g",
    "price": "$6.50",
    "originalPrice": "$13.00",
    "savings": "$6.50",
    "specialType": "Half Price Specials"
  },
  {
    "productID": "PAN006",
    "productName": "Cadbury Favourites",
    "category": "Pantry",
    "brand": "Cadbury",
    "description": "264g-265g",
    "price": "$7.00",
    "originalPrice": "$14.00",
    "savings": "$7.00",
    "specialType": "Half Price Specials"
  },
  {
    "productID": "PAN007",
    "productName": "Maltesers Gift Box",
    "category": "Pantry",
    "brand": "Maltesers",
    "description": "400g, $1.94 per 100g",
    "price": "$7.75",
    "originalPrice": "$15.50",
    "savings": "$7.75",
    "specialType": "Half Price Specials"
  },
  {
    "productID": "PAN008",
    "productName": "Darrell Lea Rocklea Road",
    "category": "Pantry",
    "brand": "Darrell Lea",
    "description": "290g, $3.10 per 100g",
    "price": "$9.00",
    "originalPrice": "$18.00",
    "savings": "$9.00",
    "specialType": "Half Price Specials"
  },
  {
    "productID": "PAN009",
    "productName": "Toblerone",
    "category": "Pantry",
    "brand": "Toblerone",
    "description": "340g-360g",
    "price": "$10.00",
    "originalPrice": "$20.00",
    "savings": "$10.00",
    "specialType": "Half Price Specials"
  },
  {
    "productID": "PAN010",
    "productName": "Cadbury Roses",
    "category": "Pantry",
    "brand": "Cadbury",
    "description": "380g, $2.63 per 100g",
    "price": "$10.00",
    "originalPrice": "$20.00",
    "savings": "$10.00",
    "specialType": "Half Price Specials"
  },
  {
    "productID": "PAN011",
    "productName": "Toblerone Assorted Tinies",
    "category": "Pantry",
    "brand": "Toblerone",
    "description": "576g, $2.60 per 100g",
    "price": "$15.00",
    "originalPrice": "$30.00",
    "savings": "$15.00",
    "specialType": "Half Price Specials"
  },
  {
    "productID": "PAN012",
    "productName": "Lindt Christmas Medley Bag or Lindor Limited Edition Pouch",
    "category": "Pantry",
    "brand": "Lindt",
    "description": "288g or 309g",
    "price": "$16.00",
    "originalPrice": "$32.00",
    "savings": "$16.00",
    "specialType": "Half Price Specials"
  },
  {
    "productID": "PAN013",
    "productName": "Lindt Cornet",
    "category": "Pantry",
    "brand": "Lindt",
    "description": "327g-333g",
    "price": "$17.00",
    "originalPrice": "$34.00",
    "savings": "$17.00",
    "specialType": "Half Price Specials"
  },
  {
    "productID": "MEA003",
    "productName": "Tibaldi Ham Off the Bone",
    "category": "Meat, Seafood & Deli",
    "brand": "Tibaldi",
    "description": "120g, $37.50 per kg, Down Down Was $5.50 on Nov 2025",
    "price": "$4.50",
    "originalPrice": "$5.50",
    "savings": "$1.00",
    "specialType": "Half Price Specials"
  },
  {
    "productID": "DAI001",
    "productName": "Mersey Valley Cheese",
    "category": "Dairy, Eggs & Meals",
    "brand": "Mersey Valley",
    "description": "235g, $29.36 per kg",
    "price": "$6.90",
    "originalPrice": "$9.90",
    "savings": "$3.00",
    "specialType": "Half Price Specials"
  },
  {
    "productID": "DAI002",
    "productName": "Coles Pre-Packed Antipasto",
    "category": "Dairy, Eggs & Meals",
    "brand": "Coles",
    "description": "110g-135g, Save $1.00, 2 for $6.50",
    "price": "$3.25",
    "originalPrice": "$4.25",
    "savings": "$1.00",
    "specialType": "Half Price Specials"
  },
  {
    "productID": "MEA004",
    "productName": "Hans Twiggy Sticks",
    "category": "Meat, Seafood & Deli",
    "brand": "Hans",
    "description": "Per kg, $2.20 per 100g",
    "price": "$22.00",
    "originalPrice": "$36.00",
    "savings": "$14.00",
    "specialType": "Half Price Specials"
  },
  {
    "productID": "MEA005",
    "productName": "Bertocchi Soppressa",
    "category": "Meat, Seafood & Deli",
    "brand": "Bertocchi",
    "description": "Per kg, $3.40 per 100g",
    "price": "$34.00",
    "originalPrice": "$39.00",
    "savings": "$5.00",
    "specialType": "Half Price Specials"
  },
  {
    "productID": "DAI003",
    "productName": "Little Entertainers Cheese",
    "category": "Dairy, Eggs & Meals",
    "brand": "Coles",
    "description": "80g, $50.00 per kg, Any 3 for $12.00",
    "price": "$4.00",
    "originalPrice": "$6.40",
    "savings": "$2.40",
    "specialType": "Half Price Specials"
  },
  {
    "productID": "DAI004",
    "productName": "Black Swan Crafted Dip",
    "category": "Dairy, Eggs & Meals",
    "brand": "Black Swan",
    "description": "150g-170g, Save $2.00, 2 for $8.00",
    "price": "$4.00",
    "originalPrice": "$6.00",
    "savings": "$2.00",
    "specialType": "Half Price Specials"
  },
  {
    "productID": "DAI005",
    "productName": "Yumi's Dip",
    "category": "Dairy, Eggs & Meals",
    "brand": "Yumi's",
    "description": "200g, $1.75 per 100g, 2 for $7.00",
    "price": "$3.50",
    "originalPrice": "$5.50",
    "savings": "$2.00",
    "specialType": "Half Price Specials"
  },
  {
    "productID": "DAI006",
    "productName": "Riverina Haloumi",
    "category": "Dairy, Eggs & Meals",
    "brand": "Riverina",
    "description": "180g, $32.22 per kg, Down Down Was $6.60 on Nov 2025",
    "price": "$5.80",
    "originalPrice": "$6.60",
    "savings": "$0.80",
    "specialType": "Half Price Specials"
  },
  {
    "productID": "PAN014",
    "productName": "OB Finest Crackers",
    "category": "Pantry",
    "brand": "OB",
    "description": "130g-150g, Save $3.00, 2 for $10.00",
    "price": "$5.00",
    "originalPrice": "$8.00",
    "savings": "$3.00",
    "specialType": "Half Price Specials"
  },
  {
    "productID": "MEA006",
    "productName": "Tassal Smoked Salmon",
    "category": "Meat, Seafood & Deli",
    "brand": "Tassal",
    "description": "250g, $60.00 per kg",
    "price": "$15.00",
    "originalPrice": "$21.00",
    "savings": "$6.00",
    "specialType": "Half Price Specials"
  },
  {
    "productID": "MEA007",
    "productName": "Coles Cooked Peeled Prawns Tail On or Tail Off",
    "category": "Meat, Seafood & Deli",
    "brand": "Coles",
    "description": "350g, $37.14 per kg, Every Day",
    "price": "$13.00",
    "originalPrice": null,
    "savings": null,
    "specialType": "All"
  },
  {
    "productID": "MEA008",
    "productName": "Coles Entertaining Chicken Tenderloin Skewers, Beef Sliders or Pork Kransky Bites",
    "category": "Meat, Seafood & Deli",
    "brand": "Coles",
    "description": "300g/500g/400g, Save $2.00, Any 2 for $15.00",
    "price": "$7.50",
    "originalPrice": "$9.50",
    "savings": "$2.00",
    "specialType": "Half Price Specials"
  },
  {
    "productID": "MEA009",
    "productName": "Coles Classic Burgers",
    "category": "Meat, Seafood & Deli",
    "brand": "Coles",
    "description": "400g-500g, Down Down Was $8.50 on Nov 2025",
    "price": "$7.50",
    "originalPrice": "$8.50",
    "savings": "$1.00",
    "specialType": "Half Price Specials"
  },
  {
    "productID": "MEA010",
    "productName": "Coles RSPCA Approved Chicken Boneless Herb & Garlic",
    "category": "Meat, Seafood & Deli",
    "brand": "Coles",
    "description": "1kg, $11.00 per kg, Down Down Was $13.00 on Nov 2025",
    "price": "$11.00",
    "originalPrice": "$13.00",
    "savings": "$2.00",
    "specialType": "Half Price Specials"
  },
  {
    "productID": "MEA011",
    "productName": "Coles No Added Hormones Beef Porterhouse Steak with Thyme & Pepper Butter",
    "category": "Meat, Seafood & Deli",
    "brand": "Coles",
    "description": "500g, $38.00 per kg, Down Down Was $20.00 on Nov 2025",
    "price": "$19.00",
    "originalPrice": "$20.00",
    "savings": "$1.00",
    "specialType": "Half Price Specials"
  },
  {
    "productID": "MEA012",
    "productName": "Coles Australian Pork Ham Off The Bone Sliced",
    "category": "Meat, Seafood & Deli",
    "brand": "Coles",
    "description": "500g, $22.00 per kg",
    "price": "$11.00",
    "originalPrice": "$12.50",
    "savings": "$1.50",
    "specialType": "Half Price Specials"
  },
  {
    "productID": "MEA013",
    "productName": "Coles Pull Apart Ham with Smokey Maple Glaze",
    "category": "Meat, Seafood & Deli",
    "brand": "Coles",
    "description": "Per kg, $25.00 per kg",
    "price": "$25.00",
    "originalPrice": null,
    "savings": null,
    "specialType": "All"
  },
  {
    "productID": "MEA014",
    "productName": "Coles Finest Slow Cooked Chicken Crown with Leek & Bacon",
    "category": "Meat, Seafood & Deli",
    "brand": "Coles",
    "description": "1.5kg, $26.67 per kg",
    "price": "$40.00",
    "originalPrice": null,
    "savings": null,
    "specialType": "All"
  },
  {
    "productID": "MEA015",
    "productName": "Coles Australian Pork Belly Roast Boneless",
    "category": "Meat, Seafood & Deli",
    "brand": "Coles",
    "description": "Per kg, $16.00 per kg",
    "price": "$16.00",
    "originalPrice": "$18.00",
    "savings": "$2.00",
    "specialType": "Half Price Specials"
  },
  {
    "productID": "PAN015",
    "productName": "Maille Mustard",
    "category": "Pantry",
    "brand": "Maille",
    "description": "210g-230g, Down Down Was $6.00 on Nov 2025",
    "price": "$4.80",
    "originalPrice": "$6.00",
    "savings": "$1.20",
    "specialType": "Half Price Specials"
  },
  {
    "productID": "PAN016",
    "productName": "Gravox Liquid Gravy or Finishing Sauce",
    "category": "Pantry",
    "brand": "Gravox",
    "description": "165g, $1.52 per 100g, Save $2.00, 2 for $5.00",
    "price": "$2.50",
    "originalPrice": "$4.50",
    "savings": "$2.00",
    "specialType": "Half Price Specials"
  },
  {
    "productID": "MEA016",
    "productName": "Coles Made Easy Slow Cooked Honey Soy Wing Nibbles",
    "category": "Meat, Seafood & Deli",
    "brand": "Coles",
    "description": "700g, $14.29 per kg",
    "price": "$10.00",
    "originalPrice": "$12.00",
    "savings": "$2.00",
    "specialType": "Half Price Specials"
  },
  {
    "productID": "MEA017",
    "productName": "Coles Made Easy Slow Cooked Lamb Shoulder Meal Kit",
    "category": "Meat, Seafood & Deli",
    "brand": "Coles",
    "description": "725g, $18.62 per kg",
    "price": "$13.50",
    "originalPrice": "$16.00",
    "savings": "$2.50",
    "specialType": "Half Price Specials"
  },
  {
    "productID": "MEA018",
    "productName": "Coles Made Easy Slow Cooked Roast Beef in Crusted Garlic",
    "category": "Meat, Seafood & Deli",
    "brand": "Coles",
    "description": "700g, $20.00 per kg",
    "price": "$14.00",
    "originalPrice": "$16.00",
    "savings": "$2.00",
    "specialType": "Half Price Specials"
  },
  {
    "productID": "MEA019",
    "productName": "Coles Made Easy Slow Cooked Beef Brisket",
    "category": "Meat, Seafood & Deli",
    "brand": "Coles",
    "description": "700g, $21.43 per kg, Down Down Was $16.50 on Nov 2025",
    "price": "$15.00",
    "originalPrice": "$16.50",
    "savings": "$1.50",
    "specialType": "Half Price Specials"
  },
  {
    "productID": "MEA020",
    "productName": "Coles Made Easy Slow Cooked Pork Shoulder",
    "category": "Meat, Seafood & Deli",
    "brand": "Coles",
    "description": "480g, $26.04 per kg, Down Down Was $14.00 on Nov 2025",
    "price": "$12.50",
    "originalPrice": "$14.00",
    "savings": "$1.50",
    "specialType": "Half Price Specials"
  },
  {
    "productID": "MEA021",
    "productName": "Coles Tasmanian Fresh Salmon Portions Skin On",
    "category": "Meat, Seafood & Deli",
    "brand": "Coles",
    "description": "Per kg, $34.00 per kg",
    "price": "$34.00",
    "originalPrice": "$38.00",
    "savings": "$4.00",
    "specialType": "Half Price Specials"
  },
  {
    "productID": "MEA022",
    "productName": "Coles Queensland Thawed Raw Extra Large Black Tiger Prawns",
    "category": "Meat, Seafood & Deli",
    "brand": "Coles",
    "description": "Per kg, $26.00 per kg",
    "price": "$26.00",
    "originalPrice": "$32.00",
    "savings": "$6.00",
    "specialType": "Half Price Specials"
  },
  {
    "productID": "MEA023",
    "productName": "KB's Deli Marinara Mix",
    "category": "Meat, Seafood & Deli",
    "brand": "KB's",
    "description": "Per kg, $16.00 per kg",
    "price": "$16.00",
    "originalPrice": "$20.00",
    "savings": "$4.00",
    "specialType": "Half Price Specials"
  },
  {
    "productID": "MEA024",
    "productName": "Jervis Bay Fresh Mussels",
    "category": "Meat, Seafood & Deli",
    "brand": "Jervis Bay",
    "description": "1kg, $8.00 per kg",
    "price": "$8.00",
    "originalPrice": "$11.00",
    "savings": "$3.00",
    "specialType": "Half Price Specials"
  },
  {
    "productID": "MEA025",
    "productName": "Coles Hot Smoked Salmon Natural or Peppercorn",
    "category": "Meat, Seafood & Deli",
    "brand": "Coles",
    "description": "150g, $50.00 per kg",
    "price": "$7.50",
    "originalPrice": "$8.50",
    "savings": "$1.00",
    "specialType": "Half Price Specials"
  },
  {
    "productID": "MEA026",
    "productName": "KB's Super Tender Squid Tubes",
    "category": "Meat, Seafood & Deli",
    "brand": "KB's",
    "description": "Per kg, $17.00 per kg",
    "price": "$17.00",
    "originalPrice": "$19.00",
    "savings": "$2.00",
    "specialType": "Half Price Specials"
  },
  {
    "productID": "FRO001",
    "productName": "Coles Finest Cacio e Pepe Arancini",
    "category": "Frozen",
    "brand": "Coles",
    "description": "200g, $3.00 per 100g, Save $2.00, 2 for $12.00",
    "price": "$6.00",
    "originalPrice": "$8.00",
    "savings": "$2.00",
    "specialType": "Half Price Specials"
  },
  {
    "productID": "FRO002",
    "productName": "Coles Finest Fondue Bites",
    "category": "Frozen",
    "brand": "Coles",
    "description": "200g, $3.00 per 100g, Save $2.00, 2 for $12.00",
    "price": "$6.00",
    "originalPrice": "$8.00",
    "savings": "$2.00",
    "specialType": "Half Price Specials"
  },
  {
    "productID": "FRO003",
    "productName": "Coles Finest Duck Fat Roast Australian Potatoes",
    "category": "Frozen",
    "brand": "Coles",
    "description": "600g, $9.17 per kg",
    "price": "$5.50",
    "originalPrice": null,
    "savings": null,
    "specialType": "All"
  },
  {
    "productID": "FRO004",
    "productName": "Coles Christmas Reindeer Bao Buns",
    "category": "Frozen",
    "brand": "Coles",
    "description": "6 Pack 240g, $2.92 per 100g",
    "price": "$7.00",
    "originalPrice": null,
    "savings": null,
    "specialType": "All"
  },
  {
    "productID": "FRO005",
    "productName": "Coles Christmas Salted Caramel & Brandy Snap Ice Cream Tub",
    "category": "Frozen",
    "brand": "Coles",
    "description": "1 Litre, $0.75 per 100mL",
    "price": "$7.50",
    "originalPrice": null,
    "savings": null,
    "specialType": "All"
  },
  {
    "productID": "FRO006",
    "productName": "Coles Christmas Macaron Selection",
    "category": "Frozen",
    "brand": "Coles",
    "description": "12 Pack 152g, $6.58 per 100g",
    "price": "$10.00",
    "originalPrice": null,
    "savings": null,
    "specialType": "All"
  },
  {
    "productID": "FRO007",
    "productName": "Coles Finest Jamaican Rum Brown Butter Fruit Mince Pies",
    "category": "Frozen",
    "brand": "Coles",
    "description": "6 Pack 350g, $2.57 per 100g",
    "price": "$9.00",
    "originalPrice": null,
    "savings": null,
    "specialType": "All"
  },
  {
    "productID": "FRO008",
    "productName": "Coles Finest Luxury Sticky Date & Butterscotch Pudding",
    "category": "Frozen",
    "brand": "Coles",
    "description": "550g, $3.00 per 100g",
    "price": "$16.50",
    "originalPrice": null,
    "savings": null,
    "specialType": "All"
  },
  {
    "productID": "FRO009",
    "productName": "Coles Christmas Traditional Pudding",
    "category": "Frozen",
    "brand": "Coles",
    "description": "700g, $0.72 per 100g",
    "price": "$5.00",
    "originalPrice": null,
    "savings": null,
    "specialType": "All"
  },
  {
    "productID": "FRO010",
    "productName": "Coles Christmas Chocolate Rum Balls",
    "category": "Frozen",
    "brand": "Coles",
    "description": "8 Pack 160g, $3.13 per 100g",
    "price": "$5.00",
    "originalPrice": null,
    "savings": null,
    "specialType": "All"
  },
  {
    "productID": "FRO011",
    "productName": "Coles Christmas Chocolate Dipped Biscuits",
    "category": "Frozen",
    "brand": "Coles",
    "description": "185g, $2.97 per 100g",
    "price": "$5.50",
    "originalPrice": null,
    "savings": null,
    "specialType": "All"
  },
  {
    "productID": "PAN017",
    "productName": "Baroni Fruit Panettone",
    "category": "Pantry",
    "brand": "Baroni",
    "description": "900g, $1.61 per 100g",
    "price": "$14.50",
    "originalPrice": null,
    "savings": null,
    "specialType": "All"
  },
  {
    "productID": "PAN018",
    "productName": "Sunbeam Australian Pistachios",
    "category": "Pantry",
    "brand": "Sunbeam",
    "description": "130g, $64.62 per kg",
    "price": "$8.40",
    "originalPrice": "$12.00",
    "savings": "$3.60",
    "specialType": "Half Price Specials"
  },
  {
    "productID": "DAI007",
    "productName": "Coles Thickened Cream",
    "category": "Dairy, Eggs & Meals",
    "brand": "Coles",
    "description": "600mL, $0.87 per 100mL, Every Day",
    "price": "$5.20",
    "originalPrice": null,
    "savings": null,
    "specialType": "All"
  },
  {
    "productID": "PAN019",
    "productName": "Sunbeam Australian Natural Sultanas",
    "category": "Pantry",
    "brand": "Sunbeam",
    "description": "375g, $11.73 per kg",
    "price": "$4.40",
    "originalPrice": "$5.50",
    "savings": "$1.10",
    "specialType": "Half Price Specials"
  },
  {
    "productID": "PAN020",
    "productName": "Coles White Sugar",
    "category": "Pantry",
    "brand": "Coles",
    "description": "1kg, $0.18 per 100g, Every Day",
    "price": "$1.80",
    "originalPrice": null,
    "savings": null,
    "specialType": "All"
  },
  {
    "productID": "PAN021",
    "productName": "Queen Organic Vanilla Extract",
    "category": "Pantry",
    "brand": "Queen",
    "description": "50mL, $0.80 per 10mL, Every Day",
    "price": "$4.00",
    "originalPrice": null,
    "savings": null,
    "specialType": "All"
  },
  {
    "productID": "PAN022",
    "productName": "Queen Pure Canadian Maple Syrup",
    "category": "Pantry",
    "brand": "Queen",
    "description": "250mL, $3.80 per 100mL, Every Day",
    "price": "$9.50",
    "originalPrice": null,
    "savings": null,
    "specialType": "All"
  },
  {
    "productID": "CLT002",
    "productName": "Bonds Women's Half Crew Sock",
    "category": "Clothing",
    "brand": "Bonds",
    "description": "4 Pack",
    "price": "$8.00",
    "originalPrice": "$16.00",
    "savings": "$8.00",
    "specialType": "Half Price Specials"
  },
  {
    "productID": "CLT003",
    "productName": "Bonds Women's Hipster Bikini Brief",
    "category": "Clothing",
    "brand": "Bonds",
    "description": "2 Pack",
    "price": "$12.00",
    "originalPrice": "$24.00",
    "savings": "$12.00",
    "specialType": "Half Price Specials"
  },
  {
    "productID": "CLT004",
    "productName": "Bonds Men's Hipster Brief",
    "category": "Clothing",
    "brand": "Bonds",
    "description": "5 Pack",
    "price": "$16.00",
    "originalPrice": "$32.00",
    "savings": "$16.00",
    "specialType": "Half Price Specials"
  },
  {
    "productID": "STM001",
    "productName": "Hot Wheels Basic Car",
    "category": "Stationery & Media",
    "brand": "Hot Wheels",
    "description": "1 Each",
    "price": "$3.00",
    "originalPrice": "$3.75",
    "savings": "$0.75",
    "specialType": "Half Price Specials"
  },
  {
    "productID": "STM002",
    "productName": "Décor Adventurer Stainless Steel Bottle",
    "category": "Stationery & Media",
    "brand": "Décor",
    "description": "1.2 Litre",
    "price": "$16.75",
    "originalPrice": "$33.50",
    "savings": "$16.75",
    "specialType": "Half Price Specials"
  },
  {
    "productID": "OTH001",
    "productName": "Licensed Snow Globe",
    "category": "Other",
    "brand": "Coles",
    "description": "1 Each",
    "price": "$20.00",
    "originalPrice": null,
    "savings": null,
    "specialType": "All"
  },
  {
    "productID": "STM003",
    "productName": "Grinch Cubeez Plush",
    "category": "Stationery & Media",
    "brand": "Grinch",
    "description": "1 Each",
    "price": "$16.00",
    "originalPrice": null,
    "savings": null,
    "specialType": "All"
  },
  {
    "productID": "STM004",
    "productName": "Grinch Tumbler",
    "category": "Stationery & Media",
    "brand": "Grinch",
    "description": "1 Each",
    "price": "$10.00",
    "originalPrice": null,
    "savings": null,
    "specialType": "All"
  },
  {
    "productID": "OTH002",
    "productName": "Teddy Bear with Hat",
    "category": "Other",
    "brand": "Coles",
    "description": "1 Each",
    "price": "$15.00",
    "originalPrice": null,
    "savings": null,
    "specialType": "All"
  },
  {
    "productID": "OTH003",
    "productName": "No Purchase Fee on eftpos Gift Cards",
    "category": "Other",
    "brand": "Coles",
    "description": "",
    "price": "$0.00",
    "originalPrice": null,
    "savings": null,
    "specialType": "All"
  },
  {
    "productID": "OTH004",
    "productName": "Potted Mini Christmas Tree",
    "category": "Other",
    "brand": "Coles",
    "description": "1 Each",
    "price": "$30.00",
    "originalPrice": null,
    "savings": null,
    "specialType": "All"
  },
  {
    "productID": "OTH005",
    "productName": "Potted Christmas Tree",
    "category": "Other",
    "brand": "Coles",
    "description": "1 Each",
    "price": "$45.00",
    "originalPrice": null,
    "savings": null,
    "specialType": "All"
  },
  {
    "productID": "FRU002",
    "productName": "Australian Perino Red Grape Tomatoes",
    "category": "Fruit & Vegetables",
    "brand": "Coles",
    "description": "350g Pack, $15.71 per kg, Down Down Was $5.90 on Nov 2025",
    "price": "$5.50",
    "originalPrice": "$5.90",
    "savings": "$0.40",
    "specialType": "Half Price Specials"
  },
  {
    "productID": "FRU003",
    "productName": "Australian R2E2 Mangoes",
    "category": "Fruit & Vegetables",
    "brand": "Coles",
    "description": "1 each",
    "price": "$2.90",
    "originalPrice": null,
    "savings": null,
    "specialType": "All"
  },
  {
    "productID": "FRU004",
    "productName": "Australian Loose Cherries",
    "category": "Fruit & Vegetables",
    "brand": "Coles",
    "description": "Per kg",
    "price": "$16.90",
    "originalPrice": null,
    "savings": null,
    "specialType": "All"
  },
  {
    "productID": "PAN023",
    "productName": "Coles Kitchen Asian Style Salad Kit or Caesar Salad Kit",
    "category": "Pantry",
    "brand": "Coles",
    "description": "350g or 290g, Save $2.00, 2 for $9.00",
    "price": "$4.50",
    "originalPrice": "$6.50",
    "savings": "$2.00",
    "specialType": "Half Price Specials"
  },
  {
    "productID": "PAN024",
    "productName": "Coles Dry Roasted, Honey, Natural or Roasted & Salted Cashews",
    "category": "Pantry",
    "brand": "Coles",
    "description": "400g Pack, $22.50 per kg",
    "price": "$9.00",
    "originalPrice": "$10.00",
    "savings": "$1.00",
    "specialType": "Half Price Specials"
  },
  {
    "productID": "FRU005",
    "productName": "Australian Lychees",
    "category": "Fruit & Vegetables",
    "brand": "Coles",
    "description": "Per kg",
    "price": "$19.90",
    "originalPrice": null,
    "savings": null,
    "specialType": "All"
  },
  {
    "productID": "FRU006",
    "productName": "Coles Australian Baby Cos Lettuce",
    "category": "Fruit & Vegetables",
    "brand": "Coles",
    "description": "2 Pack, $1.20 per each",
    "price": "$2.40",
    "originalPrice": null,
    "savings": null,
    "specialType": "All"
  },
  {
    "productID": "MEA027",
    "productName": "Coles RSPCA Approved Chicken Drumsticks Large Pack",
    "category": "Meat, Seafood & Deli",
    "brand": "Coles",
    "description": "Per kg, Every Day",
    "price": "$4.80",
    "originalPrice": null,
    "savings": null,
    "specialType": "All"
  },
  {
    "productID": "MEA028",
    "productName": "Coles RSPCA Approved Chicken Breast Fillets Large Pack",
    "category": "Meat, Seafood & Deli",
    "brand": "Coles",
    "description": "Per kg, Every Day",
    "price": "$11.00",
    "originalPrice": null,
    "savings": null,
    "specialType": "All"
  },
  {
    "productID": "MEA029",
    "productName": "Coles RSPCA Approved Chicken Thigh Fillets Large Pack",
    "category": "Meat, Seafood & Deli",
    "brand": "Coles",
    "description": "Per kg, Every Day",
    "price": "$14.50",
    "originalPrice": null,
    "savings": null,
    "specialType": "All"
  },
  {
    "productID": "MEA030",
    "productName": "Coles Australian No Added Hormones Beef Rump Steak",
    "category": "Meat, Seafood & Deli",
    "brand": "Coles",
    "description": "2 Pack 500g, $23.00 per kg",
    "price": "$11.50",
    "originalPrice": "$15.00",
    "savings": "$3.50",
    "specialType": "Half Price Specials"
  },
  {
    "productID": "MEA031",
    "productName": "Coles Australian No Added Hormones Beef Slow Cook Short Ribs",
    "category": "Meat, Seafood & Deli",
    "brand": "Coles",
    "description": "Per kg, $16.00 per kg",
    "price": "$16.00",
    "originalPrice": "$18.00",
    "savings": "$2.00",
    "specialType": "Half Price Specials"
  },
  {
    "productID": "MEA032",
    "productName": "Coles Australian No Added Hormones Beef Eye Fillet Steak",
    "category": "Meat, Seafood & Deli",
    "brand": "Coles",
    "description": "450g, $48.89 per kg",
    "price": "$22.00",
    "originalPrice": "$25.00",
    "savings": "$3.00",
    "specialType": "Half Price Specials"
  },
  {
    "productID": "MEA033",
    "productName": "Coles Australian Lamb Forequarter Chops",
    "category": "Meat, Seafood & Deli",
    "brand": "Coles",
    "description": "Per kg, $19.00 per kg",
    "price": "$19.00",
    "originalPrice": "$23.00",
    "savings": "$4.00",
    "specialType": "Half Price Specials"
  },
  {
    "productID": "MEA034",
    "productName": "Coles RSPCA Approved Chicken Thigh Cutlets",
    "category": "Meat, Seafood & Deli",
    "brand": "Coles",
    "description": "Per kg, $8.50 per kg",
    "price": "$8.50",
    "originalPrice": "$9.50",
    "savings": "$1.00",
    "specialType": "Half Price Specials"
  },
  {
    "productID": "MEA035",
    "productName": "Coles Classic Sausages",
    "category": "Meat, Seafood & Deli",
    "brand": "Coles",
    "description": "550g, $10.91 per kg, Save $1.00, 2 for $12.00",
    "price": "$6.00",
    "originalPrice": "$7.00",
    "savings": "$1.00",
    "specialType": "Half Price Specials"
  },
  {
    "productID": "MEA036",
    "productName": "Coles Australian Pork Ribs BBQ",
    "category": "Meat, Seafood & Deli",
    "brand": "Coles",
    "description": "Per kg, $17.00 per kg",
    "price": "$17.00",
    "originalPrice": "$20.00",
    "savings": "$3.00",
    "specialType": "Half Price Specials"
  },
  {
    "productID": "MEA037",
    "productName": "Coles RSPCA Approved Chicken Breast Kyiv Garlic Butter",
    "category": "Meat, Seafood & Deli",
    "brand": "Coles",
    "description": "700g, $8.00 per kg",
    "price": "$5.60",
    "originalPrice": "$8.00",
    "savings": "$2.40",
    "specialType": "Half Price Specials"
  },
  {
    "productID": "MEA038",
    "productName": "Coles Thawed Cooked Prawn Plate",
    "category": "Meat, Seafood & Deli",
    "brand": "Coles",
    "description": "200g, $4.00 per 100g, Down Down Was $11.00 on Oct 2025",
    "price": "$8.00",
    "originalPrice": "$11.00",
    "savings": "$3.00",
    "specialType": "Half Price Specials"
  },
  {
    "productID": "MEA039",
    "productName": "Ocean Blue Mini Blinis",
    "category": "Meat, Seafood & Deli",
    "brand": "Ocean Blue",
    "description": "168g, $2.92 per 100g, Down Down Was $5.80 on Oct 2025",
    "price": "$4.90",
    "originalPrice": "$5.80",
    "savings": "$0.90",
    "specialType": "Half Price Specials"
  },
  {
    "productID": "MEA040",
    "productName": "Ocean Blue Smoked Ocean Trout",
    "category": "Meat, Seafood & Deli",
    "brand": "Ocean Blue",
    "description": "100g, $75.00 per kg, Down Down Was $8.50 on Sep 2025",
    "price": "$7.50",
    "originalPrice": "$8.50",
    "savings": "$1.00",
    "specialType": "Half Price Specials"
  },
  {
    "productID": "MEA041",
    "productName": "Ocean Blue Smoked Salmon",
    "category": "Meat, Seafood & Deli",
    "brand": "Ocean Blue",
    "description": "180g, $66.67 per kg, Down Down Was $13.50 on Sep 2025",
    "price": "$12.00",
    "originalPrice": "$13.50",
    "savings": "$1.50",
    "specialType": "Half Price Specials"
  },
  {
    "productID": "PAN025",
    "productName": "Birch & Waite Sauce",
    "category": "Pantry",
    "brand": "Birch & Waite",
    "description": "250mL, $1.80 per 100mL, Down Down Was $5.25 on Oct 2025",
    "price": "$4.50",
    "originalPrice": "$5.25",
    "savings": "$0.75",
    "specialType": "Half Price Specials"
  },
  {
    "productID": "MEA042",
    "productName": "KB's Thawed Seafood Highlighter",
    "category": "Meat, Seafood & Deli",
    "brand": "KB's",
    "description": "1kg, $8.00 per kg, Down Down Was $11.00 kg on Oct 2025",
    "price": "$8.00",
    "originalPrice": "$11.00",
    "savings": "$3.00",
    "specialType": "Half Price Specials"
  },
  {
    "productID": "OTH006",
    "productName": "Coles Artisan Grazing Platter",
    "category": "Other",
    "brand": "Coles",
    "description": "1 each, Every Day",
    "price": "$45.00",
    "originalPrice": null,
    "savings": null,
    "specialType": "All"
  },
  {
    "productID": "MEA043",
    "productName": "Don Deli Cuts",
    "category": "Meat, Seafood & Deli",
    "brand": "Don",
    "description": "80g-100g",
    "price": "$3.30",
    "originalPrice": "$4.30",
    "savings": "$1.00",
    "specialType": "Half Price Specials"
  },
  {
    "productID": "MEA044",
    "productName": "Primo Sliced Meat",
    "category": "Meat, Seafood & Deli",
    "brand": "Primo",
    "description": "80g-100g, Save $1.20, 2 for $6.70",
    "price": "$3.35",
    "originalPrice": "$4.55",
    "savings": "$1.20",
    "specialType": "Half Price Specials"
  },
  {
    "productID": "MEA045",
    "productName": "Primo Bacon",
    "category": "Meat, Seafood & Deli",
    "brand": "Primo",
    "description": "175g-250g",
    "price": "$5.50",
    "originalPrice": "$6.80",
    "savings": "$1.30",
    "specialType": "Half Price Specials"
  },
  {
    "productID": "MEA046",
    "productName": "Primo Cocktail Frankfurts",
    "category": "Meat, Seafood & Deli",
    "brand": "Primo",
    "description": "1kg, $6.90 per kg, Down Down Was $8.00 on Dec 2025",
    "price": "$6.90",
    "originalPrice": "$8.00",
    "savings": "$1.10",
    "specialType": "Half Price Specials"
  },
  {
    "productID": "DAI008",
    "productName": "Elco Dodoni Feta",
    "category": "Dairy, Eggs & Meals",
    "brand": "Elco",
    "description": "Per kg, $3 per 100g",
    "price": "$30.00",
    "originalPrice": "$42.00",
    "savings": "$12.00",
    "specialType": "Half Price Specials"
  },
  {
    "productID": "DAI009",
    "productName": "Jarlsberg Swiss Sliced Cheese",
    "category": "Dairy, Eggs & Meals",
    "brand": "Jarlsberg",
    "description": "Per kg, $3.40 per 100g, Down Down Was $38.00 kg on Oct 2025",
    "price": "$34.00",
    "originalPrice": "$38.00",
    "savings": "$4.00",
    "specialType": "Half Price Specials"
  },
  {
    "productID": "BAK002",
    "productName": "Coles Kitchen Garlic Baguette Twin Pack",
    "category": "Bread & Bakery",
    "brand": "Coles",
    "description": "450g, $0.76 per 100g, Every Day",
    "price": "$3.40",
    "originalPrice": null,
    "savings": null,
    "specialType": "All"
  },
  {
    "productID": "FRO012",
    "productName": "Coles Kitchen Filled Pasta",
    "category": "Frozen",
    "brand": "Coles",
    "description": "600g, $1.00 per 100g, Every Day",
    "price": "$6.00",
    "originalPrice": null,
    "savings": null,
    "specialType": "All"
  },
  {
    "productID": "FRO013",
    "productName": "NEW Coles Finest Pistachio Cake Slices",
    "category": "Frozen",
    "brand": "Coles",
    "description": "2 Pack 250g, $3.60 per 100g, Introductory offer",
    "price": "$9.00",
    "originalPrice": null,
    "savings": null,
    "specialType": "All"
  },
  {
    "productID": "FRO014",
    "productName": "NEW Coles Made with Kitkat Cake Slices",
    "category": "Frozen",
    "brand": "Coles",
    "description": "2 Pack 190g, $4.74 per 100g, Introductory offer",
    "price": "$9.00",
    "originalPrice": null,
    "savings": null,
    "specialType": "All"
  },
  {
    "productID": "BAK003",
    "productName": "Coles Bakery Pastries",
    "category": "Bread & Bakery",
    "brand": "Coles",
    "description": "2 Pack, $1.50 per each",
    "price": "$3.00",
    "originalPrice": "$3.50",
    "savings": "$0.50",
    "specialType": "Half Price Specials"
  },
  {
    "productID": "BAK004",
    "productName": "Coles Muffins",
    "category": "Bread & Bakery",
    "brand": "Coles",
    "description": "4 Pack 420g or 9 Pack 315g, Every Day",
    "price": "$4.50",
    "originalPrice": null,
    "savings": null,
    "specialType": "All"
  },
  {
    "productID": "BAK005",
    "productName": "Coles Bakery Stone Baked by Laurent Sourdough Vienna or Pane di Casa",
    "category": "Bread & Bakery",
    "brand": "Coles",
    "description": "1 each, $4.50 per each",
    "price": "$4.50",
    "originalPrice": "$5.00",
    "savings": "$0.50",
    "specialType": "Half Price Specials"
  },
  {
    "productID": "BAK006",
    "productName": "Coles Bake at Home Dinner Rolls",
    "category": "Bread & Bakery",
    "brand": "Coles",
    "description": "6 Pack 220g-260g",
    "price": "$2.50",
    "originalPrice": "$3.00",
    "savings": "$0.50",
    "specialType": "Half Price Specials"
  },
  {
    "productID": "BAK007",
    "productName": "Coles Bakery Pizza Rolls",
    "category": "Bread & Bakery",
    "brand": "Coles",
    "description": "2 Pack, $1.75 per each",
    "price": "$3.50",
    "originalPrice": "$4.15",
    "savings": "$0.65",
    "specialType": "Half Price Specials"
  },
  {
    "productID": "BAK008",
    "productName": "MEB Khobz",
    "category": "Bread & Bakery",
    "brand": "MEB",
    "description": "500g, $0.72 per 100g, Every Day",
    "price": "$3.60",
    "originalPrice": null,
    "savings": null,
    "specialType": "All"
  },
  {
    "productID": "FRO015",
    "productName": "Coles Christmas Traditional Fruit Mince Pies",
    "category": "Frozen",
    "brand": "Coles",
    "description": "6 Pack 360g, $1.19 per 100g",
    "price": "$4.30",
    "originalPrice": null,
    "savings": null,
    "specialType": "All"
  },
  {
    "productID": "PAN026",
    "productName": "Mars Chocolate Bar",
    "category": "Pantry",
    "brand": "Mars",
    "description": "30g-56g",
    "price": "$1.00",
    "originalPrice": "$2.50",
    "savings": "$1.50",
    "specialType": "Half Price Specials"
  },
  {
    "productID": "PAN027",
    "productName": "Violet Crumble Chocolate Bar",
    "category": "Pantry",
    "brand": "Violet Crumble",
    "description": "50g, $2.50 per 100g",
    "price": "$1.25",
    "originalPrice": "$2.50",
    "savings": "$1.25",
    "specialType": "Half Price Specials"
  },
  {
    "productID": "DRK003",
    "productName": "Schweppes Mixers or Soft Drink",
    "category": "Drinks",
    "brand": "Schweppes",
    "description": "1.1 Litre, $1.36 per litre",
    "price": "$1.50",
    "originalPrice": "$3.00",
    "savings": "$1.50",
    "specialType": "Half Price Specials"
  },
  {
    "productID": "PAN028",
    "productName": "Arnott's Creams Biscuits",
    "category": "Pantry",
    "brand": "Arnott's",
    "description": "200g-250g",
    "price": "$2.00",
    "originalPrice": "$4.00",
    "savings": "$2.00",
    "specialType": "Half Price Specials"
  },
  {
    "productID": "DRK004",
    "productName": "Gatorade Sports Drink",
    "category": "Drinks",
    "brand": "Gatorade",
    "description": "600mL, $3.50 per litre",
    "price": "$2.10",
    "originalPrice": "$4.20",
    "savings": "$2.10",
    "specialType": "Half Price Specials"
  },
  {
    "productID": "DRK005",
    "productName": "Gatorade Fast Twitch Energy Drink",
    "category": "Drinks",
    "brand": "Gatorade",
    "description": "350mL, $6.00 per litre",
    "price": "$2.10",
    "originalPrice": "$4.20",
    "savings": "$2.10",
    "specialType": "Half Price Specials"
  },
  {
    "productID": "DRK006",
    "productName": "Raw C Coconut Water",
    "category": "Drinks",
    "brand": "Raw C",
    "description": "1 Litre",
    "price": "$2.75",
    "originalPrice": "$5.50",
    "savings": "$2.75",
    "specialType": "Half Price Specials"
  },
  {
    "productID": "PAN029",
    "productName": "Whole Earth Natural Block Chocolate",
    "category": "Pantry",
    "brand": "Whole Earth",
    "description": "75g, $4.33 per 100g",
    "price": "$3.25",
    "originalPrice": "$6.50",
    "savings": "$3.25",
    "specialType": "Half Price Specials"
  },
  {
    "productID": "DRK007",
    "productName": "Monster Energy Drink",
    "category": "Drinks",
    "brand": "Monster",
    "description": "4x500mL, $4.00 per litre",
    "price": "$8.00",
    "originalPrice": "$16.00",
    "savings": "$8.00",
    "specialType": "Half Price Specials"
  },
  {
    "productID": "PAN030",
    "productName": "Nestlé Chocolate Bar",
    "category": "Pantry",
    "brand": "Nestlé",
    "description": "35g-50g",
    "price": "$1.50",
    "originalPrice": "$3.00",
    "savings": "$1.50",
    "specialType": "Half Price Specials"
  },
  {
    "productID": "PAN031",
    "productName": "Cheezels",
    "category": "Pantry",
    "brand": "Cheezels",
    "description": "125g, $1.40 per 100g",
    "price": "$1.75",
    "originalPrice": "$3.50",
    "savings": "$1.75",
    "specialType": "Half Price Specials"
  },
  {
    "productID": "PAN032",
    "productName": "Kellogg's LCMs or Nutri Grain Bars",
    "category": "Pantry",
    "brand": "Kellogg's",
    "description": "5 Pack 100g-110g",
    "price": "$2.25",
    "originalPrice": "$4.50",
    "savings": "$2.25",
    "specialType": "Half Price Specials"
  },
  {
    "productID": "PAN033",
    "productName": "Vege Chips or Rice Crackers",
    "category": "Pantry",
    "brand": "Coles",
    "description": "100g or 75g",
    "price": "$2.45",
    "originalPrice": "$4.90",
    "savings": "$2.45",
    "specialType": "Half Price Specials"
  },
  {
    "productID": "PAN034",
    "productName": "Arnott's Tee Vee Snacks",
    "category": "Pantry",
    "brand": "Arnott's",
    "description": "175g, $1.57 per 100g",
    "price": "$2.75",
    "originalPrice": "$5.50",
    "savings": "$2.75",
    "specialType": "Half Price Specials"
  },
  {
    "productID": "PAN035",
    "productName": "Tostitos Tortilla Chips",
    "category": "Pantry",
    "brand": "Tostitos",
    "description": "165g-175g",
    "price": "$2.60",
    "originalPrice": "$5.20",
    "savings": "$2.60",
    "specialType": "Half Price Specials"
  },
  {
    "productID": "PAN036",
    "productName": "Violet Crumble Choc Honeycomb Bag",
    "category": "Pantry",
    "brand": "Violet Crumble",
    "description": "130g-150g",
    "price": "$3.00",
    "originalPrice": "$6.00",
    "savings": "$3.00",
    "specialType": "Half Price Specials"
  },
  {
    "productID": "PAN037",
    "productName": "Heritage Mill Muesli or Clusters",
    "category": "Pantry",
    "brand": "Heritage Mill",
    "description": "650g-750g",
    "price": "$4.20",
    "originalPrice": "$8.50",
    "savings": "$4.30",
    "specialType": "Half Price Specials"
  },
  {
    "productID": "PAN038",
    "productName": "Doritos Big Bag or Red Rock Deli Potato Chips",
    "category": "Pantry",
    "brand": "Doritos / Red Rock Deli",
    "description": "380g or 290g",
    "price": "$4.25",
    "originalPrice": "$8.50",
    "savings": "$4.25",
    "specialType": "Half Price Specials"
  },
  {
    "productID": "HBT002",
    "productName": "U By Kotex Overnight Extra Pads with Wings",
    "category": "Health & Beauty",
    "brand": "U By Kotex",
    "description": "Regular 10 Pack or Long 8 Pack",
    "price": "$2.80",
    "originalPrice": "$5.60",
    "savings": "$2.80",
    "specialType": "Half Price Specials"
  },
  {
    "productID": "HBT003",
    "productName": "Oral B Pro Health Advanced Deep Clean or Whitening Toothpaste",
    "category": "Health & Beauty",
    "brand": "Oral B",
    "description": "110g, $2.73 per 100g",
    "price": "$3.00",
    "originalPrice": "$6.00",
    "savings": "$3.00",
    "specialType": "Half Price Specials"
  },
  {
    "productID": "HBT004",
    "productName": "Lynx Body Spray Deodorant",
    "category": "Health & Beauty",
    "brand": "Lynx",
    "description": "165mL, $2.42 per 100mL",
    "price": "$4.00",
    "originalPrice": "$8.00",
    "savings": "$4.00",
    "specialType": "Half Price Specials"
  },
  {
    "productID": "HBT005",
    "productName": "John Frieda Violet Crush Tone Refresh Shampoo or Conditioner",
    "category": "Health & Beauty",
    "brand": "John Frieda",
    "description": "250mL, $4.20 per 100mL",
    "price": "$10.50",
    "originalPrice": "$21.00",
    "savings": "$10.50",
    "specialType": "Half Price Specials"
  },
  {
    "productID": "HBT006",
    "productName": "Rexona Clinical 96hr Deodorant",
    "category": "Health & Beauty",
    "brand": "Rexona",
    "description": "45mL, $15.56 per 100mL",
    "price": "$7.00",
    "originalPrice": "$14.00",
    "savings": "$7.00",
    "specialType": "Half Price Specials"
  },
  {
    "productID": "HBT007",
    "productName": "Schick Xtreme 3 Disposable Sensitive Razors",
    "category": "Health & Beauty",
    "brand": "Schick",
    "description": "14 Pack, $0.57 per each",
    "price": "$8.00",
    "originalPrice": "$16.00",
    "savings": "$8.00",
    "specialType": "Half Price Specials"
  },
  {
    "productID": "HBT008",
    "productName": "Olay Moisturising Cream",
    "category": "Health & Beauty",
    "brand": "Olay",
    "description": "100g",
    "price": "$8.00",
    "originalPrice": "$16.00",
    "savings": "$8.00",
    "specialType": "Half Price Specials"
  },
  {
    "productID": "HBT009",
    "productName": "Revlon ColorStay Lipliner",
    "category": "Health & Beauty",
    "brand": "Revlon",
    "description": "0.28g, $464.29 per 10g",
    "price": "$13.00",
    "originalPrice": "$26.00",
    "savings": "$13.00",
    "specialType": "Half Price Specials"
  },
  {
    "productID": "HBT010",
    "productName": "Revlon ColorStay Longwear Makeup",
    "category": "Health & Beauty",
    "brand": "Revlon",
    "description": "30mL, $6.83 per 10mL",
    "price": "$20.50",
    "originalPrice": "$41.00",
    "savings": "$20.50",
    "specialType": "Half Price Specials"
  },
  {
    "productID": "HBT011",
    "productName": "Beach Rd Naturals Body Bar",
    "category": "Health & Beauty",
    "brand": "Beach Rd Naturals",
    "description": "150g, $1.33 per 100g",
    "price": "$2.00",
    "originalPrice": "$4.00",
    "savings": "$2.00",
    "specialType": "Half Price Specials"
  },
  {
    "productID": "HBT012",
    "productName": "Thankyou Hand Wash",
    "category": "Health & Beauty",
    "brand": "Thankyou",
    "description": "500mL, $1.09 per 100mL",
    "price": "$5.47",
    "originalPrice": "$10.95",
    "savings": "$5.48",
    "specialType": "Half Price Specials"
  },
  {
    "productID": "HBT013",
    "productName": "Dettol Pro Fresh Shower Gel",
    "category": "Health & Beauty",
    "brand": "Dettol",
    "description": "950mL, $0.63 per 100mL",
    "price": "$6.00",
    "originalPrice": "$12.00",
    "savings": "$6.00",
    "specialType": "Half Price Specials"
  },
  {
    "productID": "HBT014",
    "productName": "Caltrate Bone & Muscle Health Tablets",
    "category": "Health & Beauty",
    "brand": "Caltrate",
    "description": "100 Pack^",
    "price": "$10.50",
    "originalPrice": "$21.00",
    "savings": "$10.50",
    "specialType": "Half Price Specials"
  },
  {
    "productID": "HBT015",
    "productName": "Berocca Energy Effervescent Tablets",
    "category": "Health & Beauty",
    "brand": "Berocca",
    "description": "45 Pack^",
    "price": "$13.00",
    "originalPrice": "$26.00",
    "savings": "$13.00",
    "specialType": "Half Price Specials"
  },
  {
    "productID": "HBT016",
    "productName": "Vitaceuticals MagZorb Magnesium Glycinate Capsules",
    "category": "Health & Beauty",
    "brand": "Vitaceuticals",
    "description": "100 Pack^",
    "price": "$16.50",
    "originalPrice": "$33.00",
    "savings": "$16.50",
    "specialType": "Half Price Specials"
  },
  {
    "productID": "HBT017",
    "productName": "Nature's Way Kids Smart Vita Gummies Multi-Vitamin Plus or Immune Defence",
    "category": "Health & Beauty",
    "brand": "Nature's Way",
    "description": "120 Pack^",
    "price": "$16.00",
    "originalPrice": "$32.00",
    "savings": "$16.00",
    "specialType": "Half Price Specials"
  },
  {
    "productID": "HBT018",
    "productName": "Nature's Way Magnesium + Turmeric Tablets",
    "category": "Health & Beauty",
    "brand": "Nature's Way",
    "description": "150 Pack^",
    "price": "$22.00",
    "originalPrice": "$44.00",
    "savings": "$22.00",
    "specialType": "Half Price Specials"
  },
  {
    "productID": "HBT019",
    "productName": "Nature's Way Restore Probiotic Daily Health Capsules",
    "category": "Health & Beauty",
    "brand": "Nature's Way",
    "description": "90 Pack^",
    "price": "$26.50",
    "originalPrice": "$53.00",
    "savings": "$26.50",
    "specialType": "Half Price Specials"
  },
  {
    "productID": "HBT020",
    "productName": "Hask Conditioner Sachet Argan Oil",
    "category": "Health & Beauty",
    "brand": "Hask",
    "description": "50g, $6.00 per 100g",
    "price": "$3.00",
    "originalPrice": "$6.00",
    "savings": "$3.00",
    "specialType": "Half Price Specials"
  },
  {
    "productID": "HBT021",
    "productName": "Schwarzkopf Extra Care Leave In Treatment",
    "category": "Health & Beauty",
    "brand": "Schwarzkopf",
    "description": "150mL, $4.67 per 100mL",
    "price": "$7.00",
    "originalPrice": "$14.00",
    "savings": "$7.00",
    "specialType": "Half Price Specials"
  },
  {
    "productID": "HBT022",
    "productName": "Garnier Fructis Hair Food",
    "category": "Health & Beauty",
    "brand": "Garnier",
    "description": "390mL, $1.92 per 100mL",
    "price": "$7.50",
    "originalPrice": "$15.00",
    "savings": "$7.50",
    "specialType": "Half Price Specials"
  },
  {
    "productID": "HBT023",
    "productName": "People All In One Treatment",
    "category": "Health & Beauty",
    "brand": "People",
    "description": "200mL, $4.00 per 100mL",
    "price": "$8.00",
    "originalPrice": "$16.00",
    "savings": "$8.00",
    "specialType": "Half Price Specials"
  },
  {
    "productID": "HBT024",
    "productName": "L'Oréal Elvive Treatment Extraordinary Oil",
    "category": "Health & Beauty",
    "brand": "L'Oréal",
    "description": "100mL",
    "price": "$11.00",
    "originalPrice": "$22.00",
    "savings": "$11.00",
    "specialType": "Half Price Specials"
  },
  {
    "productID": "HBT025",
    "productName": "L'Oréal Elvive Glycolic Gloss 5 Minute Lamination or Leave-In Serum",
    "category": "Health & Beauty",
    "brand": "L'Oréal",
    "description": "200mL or 150mL",
    "price": "$15.00",
    "originalPrice": "$30.00",
    "savings": "$15.00",
    "specialType": "Half Price Specials"
  },
  {
    "productID": "HBT026",
    "productName": "Pantene Hyaluron Hydration Lock Milk Serum",
    "category": "Health & Beauty",
    "brand": "Pantene",
    "description": "140mL, $5.36 per 100mL",
    "price": "$7.50",
    "originalPrice": "$15.00",
    "savings": "$7.50",
    "specialType": "Half Price Specials"
  },
  {
    "productID": "HBT027",
    "productName": "Pantene Smooth Detangling Mist or Leave-In Cream",
    "category": "Health & Beauty",
    "brand": "Pantene",
    "description": "180mL or 270mL",
    "price": "$7.50",
    "originalPrice": "$15.00",
    "savings": "$7.50",
    "specialType": "Half Price Specials"
  },
  {
    "productID": "HOU001",
    "productName": "Morning Fresh Dishwashing Liquid",
    "category": "Household",
    "brand": "Morning Fresh",
    "description": "400mL, $0.75 per 100mL",
    "price": "$3.00",
    "originalPrice": "$6.00",
    "savings": "$3.00",
    "specialType": "Half Price Specials"
  },
  {
    "productID": "HOU002",
    "productName": "Harpic Fresh Power Liquid or In The Bowl Toilet Cleaner",
    "category": "Household",
    "brand": "Harpic",
    "description": "700mL or 39g",
    "price": "$3.50",
    "originalPrice": "$7.00",
    "savings": "$3.50",
    "specialType": "Half Price Specials"
  },
  {
    "productID": "HOU003",
    "productName": "Sorbent 3-Ply Soft & Strong Toilet Paper",
    "category": "Household",
    "brand": "Sorbent",
    "description": "16 Pack, $0.24 per 100 sheets",
    "price": "$7.00",
    "originalPrice": "$14.00",
    "savings": "$7.00",
    "specialType": "Half Price Specials"
  },
  {
    "productID": "HOU004",
    "productName": "Dynamo Professional Laundry Liquid",
    "category": "Household",
    "brand": "Dynamo",
    "description": "2 Litre, $7.25 per litre",
    "price": "$14.50",
    "originalPrice": "$29.00",
    "savings": "$14.50",
    "specialType": "Half Price Specials"
  },
  {
    "productID": "HOU005",
    "productName": "Omo Laundry Liquid or Powder",
    "category": "Household",
    "brand": "Omo",
    "description": "2 Litre or 2kg",
    "price": "$15.00",
    "originalPrice": "$30.00",
    "savings": "$15.00",
    "specialType": "Half Price Specials"
  },
  {
    "productID": "HOU006",
    "productName": "Vanish NapiSan Oxi Action Gold Stain Remover Powder",
    "category": "Household",
    "brand": "Vanish",
    "description": "2kg, $8.00 per kg",
    "price": "$16.00",
    "originalPrice": "$32.00",
    "savings": "$16.00",
    "specialType": "Half Price Specials"
  },
  {
    "productID": "HOU007",
    "productName": "Mirabella 14W GLS LED Light Globes",
    "category": "Household",
    "brand": "Mirabella",
    "description": "2 Pack, $4.13 per each",
    "price": "$8.25",
    "originalPrice": "$16.50",
    "savings": "$8.25",
    "specialType": "Half Price Specials"
  },
  {
    "productID": "HOU008",
    "productName": "Botanica by Air Wick Wax Blended Candle",
    "category": "Household",
    "brand": "Air Wick",
    "description": "1 Each",
    "price": "$17.50",
    "originalPrice": "$35.00",
    "savings": "$17.50",
    "specialType": "Half Price Specials"
  },
  {
    "productID": "PAN039",
    "productName": "McVitie's Plain or Milk Chocolate Digestives Biscuits",
    "category": "Pantry",
    "brand": "McVitie's",
    "description": "266g-355g",
    "price": "$3.30",
    "originalPrice": "$5.50",
    "savings": "$2.20",
    "specialType": "Half Price Specials"
  },
  {
    "productID": "PAN040",
    "productName": "Pringles Potato Crisps",
    "category": "Pantry",
    "brand": "Pringles",
    "description": "118g-134g",
    "price": "$3.30",
    "originalPrice": "$5.50",
    "savings": "$2.20",
    "specialType": "Half Price Specials"
  },
  {
    "productID": "DRK008",
    "productName": "Powerade Sports Drink",
    "category": "Drinks",
    "brand": "Powerade",
    "description": "1 Litre, $3.35 per litre",
    "price": "$3.35",
    "originalPrice": "$5.60",
    "savings": "$2.25",
    "specialType": "Half Price Specials"
  },
  {
    "productID": "DRK009",
    "productName": "Frantelle Natural Spring Water",
    "category": "Drinks",
    "brand": "Frantelle",
    "description": "24x600mL, $0.83 per litre, Every Day",
    "price": "$12.00",
    "originalPrice": null,
    "savings": null,
    "specialType": "All"
  },
  {
    "productID": "DRK010",
    "productName": "Solo, Schweppes Lemonade or Sunkist Soft Drink",
    "category": "Drinks",
    "brand": "Coca-Cola / Schweppes",
    "description": "30x375mL, $2.22 per litre, Every Day",
    "price": "$25.00",
    "originalPrice": null,
    "savings": null,
    "specialType": "All"
  },
  {
    "productID": "DRK011",
    "productName": "Rova Sparkling Water",
    "category": "Drinks",
    "brand": "Rova",
    "description": "4x250mL, $4.95 per litre, Down Down Was $6.75 on Dec 2025",
    "price": "$4.95",
    "originalPrice": "$6.75",
    "savings": "$1.80",
    "specialType": "Half Price Specials"
  },
  {
    "productID": "DRK012",
    "productName": "Nestlé Milo",
    "category": "Drinks",
    "brand": "Nestlé",
    "description": "1kg, $1.35 per 100g",
    "price": "$13.50",
    "originalPrice": "$17.50",
    "savings": "$4.00",
    "specialType": "Half Price Specials"
  },
  {
    "productID": "DRK013",
    "productName": "Moccona Freeze Dried Instant Coffee",
    "category": "Drinks",
    "brand": "Moccona",
    "description": "200g, $8.25 per 100g",
    "price": "$16.50",
    "originalPrice": "$23.60",
    "savings": "$7.10",
    "specialType": "Half Price Specials"
  },
  {
    "productID": "PAN041",
    "productName": "Coles Party Mix or Sour Peach Rings",
    "category": "Pantry",
    "brand": "Coles",
    "description": "150g, $1.00 per 100g, Every Day",
    "price": "$1.50",
    "originalPrice": null,
    "savings": null,
    "specialType": "All"
  },
  {
    "productID": "PAN042",
    "productName": "Extra Envelope Chewing Gum",
    "category": "Pantry",
    "brand": "Extra",
    "description": "27g, $7.41 per 100g",
    "price": "$2.00",
    "originalPrice": "$2.50",
    "savings": "$0.50",
    "specialType": "Half Price Specials"
  },
  {
    "productID": "PAN043",
    "productName": "Coles Finest 70% Cocoa or Berry Pavlova Flavour Block Chocolate",
    "category": "Pantry",
    "brand": "Coles",
    "description": "90g-100g, Every Day",
    "price": "$4.00",
    "originalPrice": null,
    "savings": null,
    "specialType": "All"
  },
  {
    "productID": "PAN044",
    "productName": "Nestlé Mini Chocolate Fun Size Bag",
    "category": "Pantry",
    "brand": "Nestlé",
    "description": "127g-158g",
    "price": "$5.25",
    "originalPrice": "$7.50",
    "savings": "$2.25",
    "specialType": "Half Price Specials"
  },
  {
    "productID": "PAN045",
    "productName": "The Natural Confectionery Co. or Sour Patch",
    "category": "Pantry",
    "brand": "The Natural Confectionery Co. / Sour Patch",
    "description": "130g-230g or 190g, Save $3.00, 2 for $7.00",
    "price": "$3.50",
    "originalPrice": "$6.50",
    "savings": "$3.00",
    "specialType": "Half Price Specials"
  },
  {
    "productID": "PAN046",
    "productName": "Arnott's Choc Ripple or Scotch Finger Biscuits",
    "category": "Pantry",
    "brand": "Arnott's",
    "description": "250g, $1.00 per 100g, Save $1.60, 2 for $5.00",
    "price": "$2.50",
    "originalPrice": "$4.10",
    "savings": "$1.60",
    "specialType": "Half Price Specials"
  },
  {
    "productID": "PAN047",
    "productName": "Cadbury Christmas Chocolate Tree Giftbox",
    "category": "Pantry",
    "brand": "Cadbury",
    "description": "70g, $5.00 per 100g",
    "price": "$3.50",
    "originalPrice": "$7.00",
    "savings": "$3.50",
    "specialType": "Half Price Specials"
  },
  {
    "productID": "PAN048",
    "productName": "Cadbury Christmas Chocolate Classics Pack",
    "category": "Pantry",
    "brand": "Cadbury",
    "description": "415g, $2.41 per 100g",
    "price": "$10.00",
    "originalPrice": "$20.00",
    "savings": "$10.00",
    "specialType": "Half Price Specials"
  },
  {
    "productID": "PAN049",
    "productName": "Cadbury Roses Tin",
    "category": "Pantry",
    "brand": "Cadbury",
    "description": "485g, $3.09 per 100g",
    "price": "$15.00",
    "originalPrice": "$30.00",
    "savings": "$15.00",
    "specialType": "Half Price Specials"
  },
  {
    "productID": "PAN050",
    "productName": "M&S Colin the Caterpillar Lollies",
    "category": "Pantry",
    "brand": "M&S",
    "description": "170g, $3.53 per 100g",
    "price": "$6.00",
    "originalPrice": null,
    "savings": null,
    "specialType": "All"
  },
  {
    "productID": "DRK014",
    "productName": "Pepsi Soft Drink",
    "category": "Drinks",
    "brand": "Pepsi",
    "description": "30x375mL, $2.22 per litre, Down Down Was $28.00 on Dec 2025",
    "price": "$25.00",
    "originalPrice": "$28.00",
    "savings": "$3.00",
    "specialType": "Half Price Specials"
  },
  {
    "productID": "PAN051",
    "productName": "Smith's Crinkle Cut Potato Chips or Doritos Corn Chips",
    "category": "Pantry",
    "brand": "Smith's / Doritos",
    "description": "150g-170g, Save $4.00, 2 for $6.00",
    "price": "$3.00",
    "originalPrice": "$7.00",
    "savings": "$4.00",
    "specialType": "Half Price Specials"
  },
  {
    "productID": "PAN052",
    "productName": "Peckish Fancies Rice Crackers",
    "category": "Pantry",
    "brand": "Peckish",
    "description": "90g, $2.22 per 100g",
    "price": "$2.00",
    "originalPrice": "$3.00",
    "savings": "$1.00",
    "specialType": "Half Price Specials"
  },
  {
    "productID": "PAN053",
    "productName": "Always Fresh Grissini or Crustini Crackers",
    "category": "Pantry",
    "brand": "Always Fresh",
    "description": "120g-125g",
    "price": "$3.00",
    "originalPrice": "$4.50",
    "savings": "$1.50",
    "specialType": "Half Price Specials"
  },
  {
    "productID": "PAN054",
    "productName": "Arnott's Jatz or Shapes Crackers",
    "category": "Pantry",
    "brand": "Arnott's",
    "description": "130g-225g, Save $2.00, 2 for $6.00",
    "price": "$3.00",
    "originalPrice": "$5.00",
    "savings": "$2.00",
    "specialType": "Half Price Specials"
  },
  {
    "productID": "DRK015",
    "productName": "Solo Energy Drink",
    "category": "Drinks",
    "brand": "Solo",
    "description": "250mL, $10.00 per litre, Down Down Was $3.00 on Dec 2025",
    "price": "$2.50",
    "originalPrice": "$3.00",
    "savings": "$0.50",
    "specialType": "Half Price Specials"
  },
  {
    "productID": "DRK016",
    "productName": "Coca-Cola, Fanta or Sprite Soft Drink",
    "category": "Drinks",
    "brand": "Coca-Cola",
    "description": "1.25 Litre, $2.08 per litre, Save $2.80, 2 for $5.20",
    "price": "$2.60",
    "originalPrice": "$5.40",
    "savings": "$2.80",
    "specialType": "Half Price Specials"
  },
  {
    "productID": "DRK017",
    "productName": "Bundaberg Passionfruit or Tropical Mango Brewed Soft Drink",
    "category": "Drinks",
    "brand": "Bundaberg",
    "description": "4x375mL, $4.20 per litre, Down Down Was $7.70 on Oct 2025",
    "price": "$6.30",
    "originalPrice": "$7.70",
    "savings": "$1.40",
    "specialType": "Half Price Specials"
  },
  {
    "productID": "DRK018",
    "productName": "V Energy Drink",
    "category": "Drinks",
    "brand": "V",
    "description": "4x500mL, $5.25 per litre, Down Down Was $16.75 on Sep 2025",
    "price": "$10.50",
    "originalPrice": "$16.75",
    "savings": "$6.25",
    "specialType": "Half Price Specials"
  },
  {
    "productID": "PAN055",
    "productName": "Nice & Natural Nut Bars",
    "category": "Pantry",
    "brand": "Nice & Natural",
    "description": "180g-192g",
    "price": "$3.30",
    "originalPrice": "$5.50",
    "savings": "$2.20",
    "specialType": "Half Price Specials"
  },
  {
    "productID": "PAN056",
    "productName": "Nestlé Bakers Choice Baking Chocolate Bits",
    "category": "Pantry",
    "brand": "Nestlé",
    "description": "200g, $2.10 per 100g",
    "price": "$4.20",
    "originalPrice": "$7.00",
    "savings": "$2.80",
    "specialType": "Half Price Specials"
  },
  {
    "productID": "PAN057",
    "productName": "Pic's Peanut Butter",
    "category": "Pantry",
    "brand": "Pic's",
    "description": "380g, $1.18 per 100g",
    "price": "$4.50",
    "originalPrice": "$7.50",
    "savings": "$3.00",
    "specialType": "Half Price Specials"
  },
  {
    "productID": "PAN058",
    "productName": "Lindt Lindor Bag",
    "category": "Pantry",
    "brand": "Lindt",
    "description": "123g-125g",
    "price": "$7.80",
    "originalPrice": "$13.00",
    "savings": "$5.20",
    "specialType": "Half Price Specials"
  },
  {
    "productID": "PAN059",
    "productName": "Nestlé Condensed Milk",
    "category": "Pantry",
    "brand": "Nestlé",
    "description": "395g-410g",
    "price": "$3.00",
    "originalPrice": "$3.80",
    "savings": "$0.80",
    "specialType": "Half Price Specials"
  },
  {
    "productID": "PAN060",
    "productName": "Carman's Oat Slices",
    "category": "Pantry",
    "brand": "Carman's",
    "description": "175g, $2.29 per 100g",
    "price": "$4.00",
    "originalPrice": "$6.20",
    "savings": "$2.20",
    "specialType": "Half Price Specials"
  },
  {
    "productID": "PAN061",
    "productName": "Fibre One Brownie Choc Fudge or Nature Valley Crunchy Bars",
    "category": "Pantry",
    "brand": "Fibre One / Nature Valley",
    "description": "120g or 252g",
    "price": "$4.70",
    "originalPrice": "$6.90",
    "savings": "$2.20",
    "specialType": "Half Price Specials"
  },
  {
    "productID": "PAN062",
    "productName": "Bega Smooth or Crunchy Peanut Butter",
    "category": "Pantry",
    "brand": "Bega",
    "description": "470g, $1.17 per 100g",
    "price": "$5.50",
    "originalPrice": "$6.90",
    "savings": "$1.40",
    "specialType": "Half Price Specials"
  },
  {
    "productID": "PAN063",
    "productName": "Bonne Maman Conserve",
    "category": "Pantry",
    "brand": "Bonne Maman",
    "description": "370g, $1.49 per 100g",
    "price": "$5.50",
    "originalPrice": "$6.90",
    "savings": "$1.40",
    "specialType": "Half Price Specials"
  },
  {
    "productID": "PAN064",
    "productName": "Lotus Biscoff Spread",
    "category": "Pantry",
    "brand": "Lotus",
    "description": "700g-720g",
    "price": "$9.60",
    "originalPrice": "$12.00",
    "savings": "$2.40",
    "specialType": "Half Price Specials"
  },
  {
    "productID": "PAN065",
    "productName": "Fantastic Noodle Cup or Bowl",
    "category": "Pantry",
    "brand": "Fantastic",
    "description": "70g-85g",
    "price": "$1.00",
    "originalPrice": "$2.50",
    "savings": "$1.50",
    "specialType": "Half Price Specials"
  },
  {
    "productID": "BAK009",
    "productName": "Golden Crumpet Rounds",
    "category": "Bread & Bakery",
    "brand": "Golden",
    "description": "6 Pack 300g, $0.80 per 100g",
    "price": "$2.40",
    "originalPrice": "$4.80",
    "savings": "$2.40",
    "specialType": "Half Price Specials"
  },
  {
    "productID": "PAN066",
    "productName": "Kellogg's Just Right Cereal",
    "category": "Pantry",
    "brand": "Kellogg's",
    "description": "460g, $0.82 per 100g",
    "price": "$3.75",
    "originalPrice": "$7.50",
    "savings": "$3.75",
    "specialType": "Half Price Specials"
  },
  {
    "productID": "PAN067",
    "productName": "John West Salmon",
    "category": "Pantry",
    "brand": "John West",
    "description": "95g, $29.47 per kg",
    "price": "$2.80",
    "originalPrice": "$3.50",
    "savings": "$0.70",
    "specialType": "Half Price Specials"
  },
  {
    "productID": "DRK019",
    "productName": "Sanitarium Up&Go Protein Energize",
    "category": "Drinks",
    "brand": "Sanitarium",
    "description": "3x250mL, $7.07 per litre",
    "price": "$5.30",
    "originalPrice": "$7.60",
    "savings": "$2.30",
    "specialType": "Half Price Specials"
  },
  {
    "productID": "PAN068",
    "productName": "Nestlé Milo Cereal",
    "category": "Pantry",
    "brand": "Nestlé",
    "description": "535g-620g",
    "price": "$7.50",
    "originalPrice": "$9.50",
    "savings": "$2.00",
    "specialType": "Half Price Specials"
  },
  {
    "productID": "PAN069",
    "productName": "Bhuja Mix",
    "category": "Pantry",
    "brand": "Bhuja",
    "description": "140g-160g",
    "price": "$3.00",
    "originalPrice": "$4.50",
    "savings": "$1.50",
    "specialType": "Half Price Specials"
  },
  {
    "productID": "PAN070",
    "productName": "Barilla Pesto",
    "category": "Pantry",
    "brand": "Barilla",
    "description": "190g-195g, Down Down Was $5.30 on Nov 2025",
    "price": "$4.75",
    "originalPrice": "$5.30",
    "savings": "$0.55",
    "specialType": "Half Price Specials"
  },
  {
    "productID": "PAN071",
    "productName": "John West Tuna",
    "category": "Pantry",
    "brand": "John West",
    "description": "425g, $11.76 per kg",
    "price": "$5.00",
    "originalPrice": "$6.30",
    "savings": "$1.30",
    "specialType": "Half Price Specials"
  },
  {
    "productID": "FRO016",
    "productName": "Berri Quelch Water Ice",
    "category": "Frozen",
    "brand": "Berri",
    "description": "24 Pack, $0.32 per 100mL",
    "price": "$5.30",
    "originalPrice": "$7.80",
    "savings": "$2.50",
    "specialType": "Half Price Specials"
  },
  {
    "productID": "PAN072",
    "productName": "Sirena Tuna",
    "category": "Pantry",
    "brand": "Sirena",
    "description": "95g, $24.21 per kg",
    "price": "$2.30",
    "originalPrice": "$2.95",
    "savings": "$0.65",
    "specialType": "Half Price Specials"
  },
  {
    "productID": "PAN073",
    "productName": "Mutti Passata",
    "category": "Pantry",
    "brand": "Mutti",
    "description": "700g, $0.54 per 100g",
    "price": "$3.80",
    "originalPrice": "$4.80",
    "savings": "$1.00",
    "specialType": "Half Price Specials"
  },
  {
    "productID": "PAN074",
    "productName": "Sungold Basmati Rice",
    "category": "Pantry",
    "brand": "Sungold",
    "description": "5kg, $0.30 per 100g",
    "price": "$15.00",
    "originalPrice": "$30.00",
    "savings": "$15.00",
    "specialType": "Half Price Specials"
  },
  {
    "productID": "PAN075",
    "productName": "Moro Olive Oil",
    "category": "Pantry",
    "brand": "Moro",
    "description": "500mL, $1.80 per 100mL",
    "price": "$9.00",
    "originalPrice": "$16.00",
    "savings": "$7.00",
    "specialType": "Half Price Specials"
  },
  {
    "productID": "PAN076",
    "productName": "Alfa One Rice Bran Oil",
    "category": "Pantry",
    "brand": "Alfa One",
    "description": "3 Litre, $0.47 per 100mL",
    "price": "$14.00",
    "originalPrice": "$17.65",
    "savings": "$3.65",
    "specialType": "Half Price Specials"
  },
  {
    "productID": "PAN077",
    "productName": "Moro Olive Oil",
    "category": "Pantry",
    "brand": "Moro",
    "description": "4 Litre, $1.13 per 100mL",
    "price": "$45.00",
    "originalPrice": "$65.00",
    "savings": "$20.00",
    "specialType": "Half Price Specials"
  },
  {
    "productID": "PAN078",
    "productName": "John West Mackerel",
    "category": "Pantry",
    "brand": "John West",
    "description": "125g, $33.60 per kg, Every Day",
    "price": "$4.20",
    "originalPrice": null,
    "savings": null,
    "specialType": "All"
  },
  {
    "productID": "PAN079",
    "productName": "John West Sardines",
    "category": "Pantry",
    "brand": "John West",
    "description": "110g, $25.45 per kg",
    "price": "$2.80",
    "originalPrice": "$3.50",
    "savings": "$0.70",
    "specialType": "Half Price Specials"
  },
  {
    "productID": "PAN080",
    "productName": "John West Oysters",
    "category": "Pantry",
    "brand": "John West",
    "description": "85g, $42.35 per kg, Every Day",
    "price": "$3.60",
    "originalPrice": null,
    "savings": null,
    "specialType": "All"
  },
  {
    "productID": "FRO017",
    "productName": "McCain Rustica Pizza",
    "category": "Frozen",
    "brand": "McCain",
    "description": "370g-460g",
    "price": "$8.80",
    "originalPrice": "$11.00",
    "savings": "$2.20",
    "specialType": "Half Price Specials"
  },
  {
    "productID": "FRO018",
    "productName": "McCain Pizza Slices",
    "category": "Frozen",
    "brand": "McCain",
    "description": "2 Pack 600g, $1.28 per 100g",
    "price": "$7.70",
    "originalPrice": "$9.80",
    "savings": "$2.10",
    "specialType": "Half Price Specials"
  },
  {
    "productID": "FRO019",
    "productName": "McCain Beer Batter Chips",
    "category": "Frozen",
    "brand": "McCain",
    "description": "750g, $6.13 per kg",
    "price": "$4.60",
    "originalPrice": "$5.80",
    "savings": "$1.20",
    "specialType": "Half Price Specials"
  },
  {
    "productID": "FRO020",
    "productName": "Birds Eye Oven Bake Fish Fillets",
    "category": "Frozen",
    "brand": "Birds Eye",
    "description": "425g, $21.18 per kg",
    "price": "$9.00",
    "originalPrice": "$12.00",
    "savings": "$3.00",
    "specialType": "Half Price Specials"
  },
  {
    "productID": "FRO021",
    "productName": "Four'N Twenty Angus Meat Pies",
    "category": "Frozen",
    "brand": "Four'N Twenty",
    "description": "4 Pack 700g, $1.07 per 100g",
    "price": "$7.50",
    "originalPrice": "$12.50",
    "savings": "$5.00",
    "specialType": "Half Price Specials"
  },
  {
    "productID": "FRO022",
    "productName": "Family Faves Chicken Tenders",
    "category": "Frozen",
    "brand": "Coles",
    "description": "1kg, $10.00 per kg, Down Down Was $12.50 on Oct 2025",
    "price": "$10.00",
    "originalPrice": "$12.50",
    "savings": "$2.50",
    "specialType": "Half Price Specials"
  },
  {
    "productID": "FRO023",
    "productName": "Peters Maxibon",
    "category": "Frozen",
    "brand": "Peters",
    "description": "4 Pack 560mL, $1.03 per 100mL",
    "price": "$5.75",
    "originalPrice": "$11.50",
    "savings": "$5.75",
    "specialType": "Half Price Specials"
  },
  {
    "productID": "FRO024",
    "productName": "Bulla Creamy Classics Ice Cream Tub",
    "category": "Frozen",
    "brand": "Bulla",
    "description": "2 Litre, $0.30 per 100mL",
    "price": "$6.00",
    "originalPrice": "$12.00",
    "savings": "$6.00",
    "specialType": "Half Price Specials"
  },
  {
    "productID": "FRO025",
    "productName": "Peters Original Twin Pole Sticks",
    "category": "Frozen",
    "brand": "Peters",
    "description": "8 Pack 544mL-590mL",
    "price": "$4.00",
    "originalPrice": "$8.00",
    "savings": "$4.00",
    "specialType": "Half Price Specials"
  },
  {
    "productID": "FRO026",
    "productName": "Hershey's or Reese's Ice Cream Tub",
    "category": "Frozen",
    "brand": "Hershey's / Reese's",
    "description": "1 Litre, $0.55 per 100mL",
    "price": "$5.50",
    "originalPrice": "$11.00",
    "savings": "$5.50",
    "specialType": "Half Price Specials"
  },
  {
    "productID": "FRO027",
    "productName": "Norco Cape Byron Ice Cream Sticks",
    "category": "Frozen",
    "brand": "Norco",
    "description": "4 Pack 380mL, $1.64 per 100mL",
    "price": "$6.25",
    "originalPrice": "$12.50",
    "savings": "$6.25",
    "specialType": "Half Price Specials"
  },
  {
    "productID": "FRO028",
    "productName": "Nanna's Apple Snack Pies or Family Size Apple Pie",
    "category": "Frozen",
    "brand": "Nanna's",
    "description": "4 Pack 450g or 600g",
    "price": "$4.50",
    "originalPrice": "$6.50",
    "savings": "$2.00",
    "specialType": "Half Price Specials"
  },
  {
    "productID": "FRO029",
    "productName": "Borg's Frozen Shortcrust or Puff Pastry Roll",
    "category": "Frozen",
    "brand": "Borg's",
    "description": "300g, $0.67 per 100g, Save $1.00, 2 for $4.00",
    "price": "$2.00",
    "originalPrice": "$3.00",
    "savings": "$1.00",
    "specialType": "Half Price Specials"
  },
  {
    "productID": "FRO030",
    "productName": "Streets Magnum Sticks",
    "category": "Frozen",
    "brand": "Streets",
    "description": "4 Pack-6 Pack 360mL-428mL, Save $12.00, 2 for $12.00",
    "price": "$6.00",
    "originalPrice": "$18.00",
    "savings": "$12.00",
    "specialType": "Half Price Specials"
  },
  {
    "productID": "FRO031",
    "productName": "Cadbury Dairy Milk Sticks",
    "category": "Frozen",
    "brand": "Cadbury",
    "description": "4 Pack-6 Pack 300mL-360mL",
    "price": "$7.20",
    "originalPrice": "$12.00",
    "savings": "$4.80",
    "specialType": "Half Price Specials"
  },
  {
    "productID": "MEA047",
    "productName": "KB's Barramundi Fillets",
    "category": "Meat, Seafood & Deli",
    "brand": "KB's",
    "description": "1kg, $20.80 per kg",
    "price": "$20.80",
    "originalPrice": "$26.00",
    "savings": "$5.20",
    "specialType": "Half Price Specials"
  },
  {
    "productID": "MEA048",
    "productName": "KB's Raw Prawns Tail On",
    "category": "Meat, Seafood & Deli",
    "brand": "KB's",
    "description": "1kg, $32.00 per kg, Down Down Was $38.00 on Oct 2025",
    "price": "$32.00",
    "originalPrice": "$38.00",
    "savings": "$6.00",
    "specialType": "Half Price Specials"
  },
  {
    "productID": "DAI010",
    "productName": "Dairy Farmers Thick & Creamy Yoghurt",
    "category": "Dairy, Eggs & Meals",
    "brand": "Dairy Farmers",
    "description": "140g-150g",
    "price": "$1.75",
    "originalPrice": "$2.95",
    "savings": "$1.20",
    "specialType": "Half Price Specials"
  },
  {
    "productID": "DAI011",
    "productName": "Chobani Greek or No Sugar Added Greek Yogurt",
    "category": "Dairy, Eggs & Meals",
    "brand": "Chobani",
    "description": "150g-160g",
    "price": "$1.60",
    "originalPrice": "$2.70",
    "savings": "$1.10",
    "specialType": "Half Price Specials"
  },
  {
    "productID": "FRO032",
    "productName": "Rana Filled Pasta",
    "category": "Frozen",
    "brand": "Rana",
    "description": "600g, $1.30 per 100g",
    "price": "$7.80",
    "originalPrice": "$13.00",
    "savings": "$5.20",
    "specialType": "Half Price Specials"
  },
  {
    "productID": "DAI012",
    "productName": "Tamar Valley Dairy Greek Style Yoghurt",
    "category": "Dairy, Eggs & Meals",
    "brand": "Tamar Valley Dairy",
    "description": "1kg, $0.62 per 100g",
    "price": "$6.20",
    "originalPrice": "$8.00",
    "savings": "$1.80",
    "specialType": "Half Price Specials"
  },
  {
    "productID": "DAI013",
    "productName": "Vaalia Probiotics Kids Yoghurt Pouch",
    "category": "Dairy, Eggs & Meals",
    "brand": "Vaalia",
    "description": "140g, $1.43 per 100g, Save $2.50, 5 for $10.00",
    "price": "$2.00",
    "originalPrice": "$4.50",
    "savings": "$2.50",
    "specialType": "Half Price Specials"
  },
  {
    "productID": "FRO033",
    "productName": "Coles Beef Lasagne",
    "category": "Frozen",
    "brand": "Coles",
    "description": "1.8kg, $0.69 per 100g, Every Day",
    "price": "$12.50",
    "originalPrice": null,
    "savings": null,
    "specialType": "All"
  },
  {
    "productID": "DAI014",
    "productName": "South Cape Brie",
    "category": "Dairy, Eggs & Meals",
    "brand": "South Cape",
    "description": "200g, $30.00 per kg, Down Down Was $6.80 on Nov 2025",
    "price": "$6.00",
    "originalPrice": "$6.80",
    "savings": "$0.80",
    "specialType": "Half Price Specials"
  },
  {
    "productID": "DAI015",
    "productName": "Perfect Italiano Grated Cheese",
    "category": "Dairy, Eggs & Meals",
    "brand": "Perfect Italiano",
    "description": "250g, $20.80 per kg",
    "price": "$5.20",
    "originalPrice": "$6.50",
    "savings": "$1.30",
    "specialType": "Half Price Specials"
  },
  {
    "productID": "DRK020",
    "productName": "Paul's Bluey Flavoured Milk",
    "category": "Drinks",
    "brand": "Paul's",
    "description": "250mL, $10.80 per litre, Every Day",
    "price": "$2.70",
    "originalPrice": null,
    "savings": null,
    "specialType": "All"
  },
  {
    "productID": "DAI016",
    "productName": "Table of Plenty Kefir",
    "category": "Dairy, Eggs & Meals",
    "brand": "Table of Plenty",
    "description": "1kg, $0.70 per 100g",
    "price": "$7.00",
    "originalPrice": "$9.30",
    "savings": "$2.30",
    "specialType": "Half Price Specials"
  },
  {
    "productID": "DRK021",
    "productName": "Dare Flavoured Milk",
    "category": "Drinks",
    "brand": "Dare",
    "description": "750mL, $5.73 per litre",
    "price": "$4.30",
    "originalPrice": "$5.40",
    "savings": "$1.10",
    "specialType": "Half Price Specials"
  },
  {
    "productID": "DRK022",
    "productName": "The Juice Lab Wellness Shot",
    "category": "Drinks",
    "brand": "The Juice Lab",
    "description": "350mL, $28.57 per litre",
    "price": "$10.00",
    "originalPrice": "$12.00",
    "savings": "$2.00",
    "specialType": "Half Price Specials"
  },
  {
    "productID": "DAI017",
    "productName": "Flora Margarine Spread",
    "category": "Dairy, Eggs & Meals",
    "brand": "Flora",
    "description": "500g, $0.80 per 100g",
    "price": "$4.00",
    "originalPrice": "$5.25",
    "savings": "$1.25",
    "specialType": "Half Price Specials"
  },
  {
    "productID": "DAI018",
    "productName": "Western Star Butter",
    "category": "Dairy, Eggs & Meals",
    "brand": "Western Star",
    "description": "250g, $1.88 per 100g, Down Down Was $5.20 on Oct 2025",
    "price": "$4.70",
    "originalPrice": "$5.20",
    "savings": "$0.50",
    "specialType": "Half Price Specials"
  },
  {
    "productID": "HBT028",
    "productName": "Sensodyne Alcohol Free Cool Mint Mouthwash",
    "category": "Health & Beauty",
    "brand": "Sensodyne",
    "description": "500mL^, $1.18 per 100mL",
    "price": "$5.90",
    "originalPrice": "$9.90",
    "savings": "$4.00",
    "specialType": "Half Price Specials"
  },
  {
    "productID": "HBT029",
    "productName": "Sensodyne Repair & Protect Whitening or Cool Mint Toothpaste",
    "category": "Health & Beauty",
    "brand": "Sensodyne",
    "description": "100g^",
    "price": "$7.35",
    "originalPrice": "$12.30",
    "savings": "$4.95",
    "specialType": "Half Price Specials"
  },
  {
    "productID": "HBT030",
    "productName": "Sensodyne Soft Daily Care Toothbrush",
    "category": "Health & Beauty",
    "brand": "Sensodyne",
    "description": "3 Pack, $2.20 per each",
    "price": "$6.60",
    "originalPrice": "$11.00",
    "savings": "$4.40",
    "specialType": "Half Price Specials"
  },
  {
    "productID": "BAB002",
    "productName": "Huggies Baby Wipes",
    "category": "Baby",
    "brand": "Huggies",
    "description": "70 Pack-80 Pack",
    "price": "$3.50",
    "originalPrice": "$5.00",
    "savings": "$1.50",
    "specialType": "Half Price Specials"
  },
  {
    "productID": "BAB003",
    "productName": "Rascals Premium Jumbo Nappies",
    "category": "Baby",
    "brand": "Rascals",
    "description": "54 Pack-108 Pack",
    "price": "$27.00",
    "originalPrice": "$31.00",
    "savings": "$4.00",
    "specialType": "Half Price Specials"
  },
  {
    "productID": "BAB004",
    "productName": "QV Baby Gentle Wash",
    "category": "Baby",
    "brand": "QV",
    "description": "500g, $2.87 per 100g",
    "price": "$14.35",
    "originalPrice": "$20.50",
    "savings": "$6.15",
    "specialType": "Half Price Specials"
  },
  {
    "productID": "BAB005",
    "productName": "Rafferty's Garden Baby Food Pouch",
    "category": "Baby",
    "brand": "Rafferty's Garden",
    "description": "120g, $1.50 per 100g, Save $2.50, 5 for $9.00",
    "price": "$1.80",
    "originalPrice": "$4.30",
    "savings": "$2.50",
    "specialType": "Half Price Specials"
  },
  {
    "productID": "BAB006",
    "productName": "Alula Gentle Toddler Milk Drink Stage 3",
    "category": "Baby",
    "brand": "Alula",
    "description": "900g, $1.78 per 100g",
    "price": "$16.00",
    "originalPrice": "$20.00",
    "savings": "$4.00",
    "specialType": "Half Price Specials"
  },
  {
    "productID": "BAB007",
    "productName": "Oli6 Goat Milk Stage 3 Premium Toddler Drink",
    "category": "Baby",
    "brand": "Oli6",
    "description": "800g, $4.19 per 100g",
    "price": "$33.50",
    "originalPrice": "$39.50",
    "savings": "$6.00",
    "specialType": "Half Price Specials"
  },
  {
    "productID": "HBT031",
    "productName": "Batiste Dry Shampoo Blush or Original",
    "category": "Health & Beauty",
    "brand": "Batiste",
    "description": "350mL, $2.71 per 100mL",
    "price": "$9.50",
    "originalPrice": "$19.00",
    "savings": "$9.50",
    "specialType": "Half Price Specials"
  },
  {
    "productID": "HBT032",
    "productName": "Head & Shoulders Shampoo or Conditioner",
    "category": "Health & Beauty",
    "brand": "Head & Shoulders",
    "description": "850mL, $1.53 per 100mL",
    "price": "$13.00",
    "originalPrice": "$26.00",
    "savings": "$13.00",
    "specialType": "Half Price Specials"
  },
  {
    "productID": "HBT033",
    "productName": "L'Oréal Excellence Creme Nudes Colourant",
    "category": "Health & Beauty",
    "brand": "L'Oréal",
    "description": "1 Pack",
    "price": "$16.20",
    "originalPrice": "$27.00",
    "savings": "$10.80",
    "specialType": "Half Price Specials"
  },
  {
    "productID": "HBT034",
    "productName": "Tena Plus Night Continence Pants",
    "category": "Health & Beauty",
    "brand": "Tena",
    "description": "12 Pack, $1.46 per each",
    "price": "$17.50",
    "originalPrice": "$25.00",
    "savings": "$7.50",
    "specialType": "Half Price Specials"
  },
  {
    "productID": "HBT035",
    "productName": "Colgate Total Active Prevention Deep Clean or Whitening Toothpaste",
    "category": "Health & Beauty",
    "brand": "Colgate",
    "description": "200g, $3.85 per 100g",
    "price": "$7.70",
    "originalPrice": "$11.00",
    "savings": "$3.30",
    "specialType": "Half Price Specials"
  },
  {
    "productID": "HBT036",
    "productName": "Oral B iO2 Electric Toothbrush",
    "category": "Health & Beauty",
    "brand": "Oral B",
    "description": "White or Black 1 Pack",
    "price": "$64.00",
    "originalPrice": "$160.00",
    "savings": "$96.00",
    "specialType": "Half Price Specials"
  },
  {
    "productID": "HBT037",
    "productName": "Hydralyte Effervescent Tablets",
    "category": "Health & Beauty",
    "brand": "Hydralyte",
    "description": "10 Pack, $0.69 per each",
    "price": "$6.90",
    "originalPrice": "$8.70",
    "savings": "$1.80",
    "specialType": "Half Price Specials"
  },
  {
    "productID": "PET001",
    "productName": "Fancy Feast Classic or Creamy Delights Cat Food",
    "category": "Pet",
    "brand": "Fancy Feast",
    "description": "85g, $1.18 per 100g",
    "price": "$1.00",
    "originalPrice": "$1.60",
    "savings": "$0.60",
    "specialType": "Half Price Specials"
  },
  {
    "productID": "PET002",
    "productName": "Dine Classic Collections Cat Food",
    "category": "Pet",
    "brand": "Dine",
    "description": "7x85g, $1.01 per 100g",
    "price": "$6.00",
    "originalPrice": "$10.00",
    "savings": "$4.00",
    "specialType": "Half Price Specials"
  },
  {
    "productID": "PET003",
    "productName": "Felix Cat Food",
    "category": "Pet",
    "brand": "Felix",
    "description": "12x85g, $0.98 per 100g",
    "price": "$10.00",
    "originalPrice": "$14.50",
    "savings": "$4.50",
    "specialType": "Half Price Specials"
  },
  {
    "productID": "PET004",
    "productName": "Supercoat Dry Dog Food",
    "category": "Pet",
    "brand": "Supercoat",
    "description": "2.6kg-2.8kg",
    "price": "$12.50",
    "originalPrice": "$18.00",
    "savings": "$5.50",
    "specialType": "Half Price Specials"
  },
  {
    "productID": "PET005",
    "productName": "Pedigree Dentastix",
    "category": "Pet",
    "brand": "Pedigree",
    "description": "28 Pack, $0.60 per each",
    "price": "$16.80",
    "originalPrice": "$24.00",
    "savings": "$7.20",
    "specialType": "Half Price Specials"
  },
  {
    "productID": "PET006",
    "productName": "Pedigree Dry Dog Food",
    "category": "Pet",
    "brand": "Pedigree",
    "description": "8kg, $0.31 per 100g, Down Down Was $30.50 on Sep 2025",
    "price": "$24.50",
    "originalPrice": "$30.50",
    "savings": "$6.00",
    "specialType": "Half Price Specials"
  },
  {
    "productID": "STM005",
    "productName": "Duracell Coppertop Batteries",
    "category": "Stationery & Media",
    "brand": "Duracell",
    "description": "AA 16 Pack or AAA 14 Pack",
    "price": "$13.75",
    "originalPrice": "$27.50",
    "savings": "$13.75",
    "specialType": "Half Price Specials"
  },
  {
    "productID": "STM006",
    "productName": "Coles Mobile $30 Prepaid SIM",
    "category": "Stationery & Media",
    "brand": "Coles Mobile",
    "description": "1 each",
    "price": "$11.00",
    "originalPrice": "$30.00",
    "savings": "$19.00",
    "specialType": "Half Price Specials"
  },
  {
    "productID": "STM007",
    "productName": "Coles Mobile $35 Month-to-Month SIM",
    "category": "Stationery & Media",
    "brand": "Coles Mobile",
    "description": "1 each",
    "price": "$12.00",
    "originalPrice": "$35.00",
    "savings": "$23.00",
    "specialType": "Half Price Specials"
  },
  {
    "productID": "STM008",
    "productName": "Coles Mobile $280 Prepaid SIM",
    "category": "Stationery & Media",
    "brand": "Coles Mobile",
    "description": "1 each",
    "price": "$189.00",
    "originalPrice": "$280.00",
    "savings": "$91.00",
    "specialType": "Half Price Specials"
  },
  {
    "productID": "STM009",
    "productName": "Vodafone $35 Starter Pack",
    "category": "Stationery & Media",
    "brand": "Vodafone",
    "description": "1 each",
    "price": "$14.00",
    "originalPrice": "$35.00",
    "savings": "$21.00",
    "specialType": "Half Price Specials"
  },
  {
    "productID": "STM010",
    "productName": "Lebara $29.90 Starter Pack",
    "category": "Stationery & Media",
    "brand": "Lebara",
    "description": "1 each",
    "price": "$12.00",
    "originalPrice": "$29.90",
    "savings": "$17.90",
    "specialType": "Half Price Specials"
  },
  {
    "productID": "STM011",
    "productName": "Telstra T-Essential 4G",
    "category": "Stationery & Media",
    "brand": "Telstra",
    "description": "1 each",
    "price": "$49.00",
    "originalPrice": "$79.00",
    "savings": "$30.00",
    "specialType": "Half Price Specials"
  },
  {
    "productID": "STM012",
    "productName": "iPhone 13 128GB Premium Refurbished",
    "category": "Stationery & Media",
    "brand": "Apple",
    "description": "1 each",
    "price": "$489.00",
    "originalPrice": "$599.00",
    "savings": "$110.00",
    "specialType": "Half Price Specials"
  },
  {
    "productID": "STM013",
    "productName": "Optus X-Plus",
    "category": "Stationery & Media",
    "brand": "Optus",
    "description": "1 each",
    "price": "$69.00",
    "originalPrice": "$99.00",
    "savings": "$30.00",
    "specialType": "Half Price Specials"
  },
  {
    "productID": "STM014",
    "productName": "Optus X-Total",
    "category": "Stationery & Media",
    "brand": "Optus",
    "description": "1 each",
    "price": "$89.00",
    "originalPrice": "$129.00",
    "savings": "$40.00",
    "specialType": "Half Price Specials"
  },
  {
    "productID": "STM015",
    "productName": "Optus X Pro 5G",
    "category": "Stationery & Media",
    "brand": "Optus",
    "description": "1 each",
    "price": "$139.00",
    "originalPrice": "$169.00",
    "savings": "$30.00",
    "specialType": "Half Price Specials"
  },
  {
    "productID": "STM016",
    "productName": "Motorola moto g35 5G",
    "category": "Stationery & Media",
    "brand": "Motorola",
    "description": "1 each",
    "price": "$99.00",
    "originalPrice": "$199.00",
    "savings": "$100.00",
    "specialType": "Half Price Specials"
  },
  {
    "productID": "STM017",
    "productName": "Optus $39 SIM Starter Kit",
    "category": "Stationery & Media",
    "brand": "Optus",
    "description": "1 each",
    "price": "$13.00",
    "originalPrice": "$39.00",
    "savings": "$26.00",
    "specialType": "Half Price Specials"
  },
  {
    "productID": "STM018",
    "productName": "Optus $180 SIM Starter Kit",
    "category": "Stationery & Media",
    "brand": "Optus",
    "description": "1 each",
    "price": "$119.00",
    "originalPrice": "$180.00",
    "savings": "$61.00",
    "specialType": "Half Price Specials"
  },
  {
    "productID": "STM019",
    "productName": "Telstra T-Pro 2 5G",
    "category": "Stationery & Media",
    "brand": "Telstra",
    "description": "1 each",
    "price": "$79.00",
    "originalPrice": "$129.00",
    "savings": "$50.00",
    "specialType": "Half Price Specials"
  },
  {
    "productID": "STM020",
    "productName": "Boost $39 SIM Pack",
    "category": "Stationery & Media",
    "brand": "Boost",
    "description": "1 each",
    "price": "$10.00",
    "originalPrice": "$39.00",
    "savings": "$29.00",
    "specialType": "Half Price Specials"
  },
  {
    "productID": "STM021",
    "productName": "Telstra T-Prime 5G",
    "category": "Stationery & Media",
    "brand": "Telstra",
    "description": "1 each",
    "price": "$159.00",
    "originalPrice": "$199.00",
    "savings": "$40.00",
    "specialType": "Half Price Specials"
  },
  {
    "productID": "STM022",
    "productName": "Telstra Pre-Paid 4GX Wi-Fi Plus 2",
    "category": "Stationery & Media",
    "brand": "Telstra",
    "description": "1 each",
    "price": "$69.00",
    "originalPrice": "$89.00",
    "savings": "$20.00",
    "specialType": "Half Price Specials"
  },
  {
    "productID": "LIQ001",
    "productName": "Mountain Culture Status Quo Pale Ale Cans",
    "category": "Liquor",
    "brand": "Mountain Culture",
    "description": "16x355mL",
    "price": "$65.00",
    "originalPrice": "$73.50",
    "savings": "$8.50",
    "specialType": "Half Price Specials"
  },
  {
    "productID": "LIQ002",
    "productName": "Hahn Super Dry 3.5% Block Cans",
    "category": "Liquor",
    "brand": "Hahn",
    "description": "30x375mL",
    "price": "$59.00",
    "originalPrice": "$65.00",
    "savings": "$6.00",
    "specialType": "Half Price Specials"
  },
  {
    "productID": "LIQ003",
    "productName": "Victoria Bitter Block Cans",
    "category": "Liquor",
    "brand": "Victoria Bitter",
    "description": "30x375mL",
    "price": "$59.00",
    "originalPrice": "$73.00",
    "savings": "$14.00",
    "specialType": "Half Price Specials"
  },
  {
    "productID": "LIQ004",
    "productName": "St Hugo Cabernet Sauvignon",
    "category": "Liquor",
    "brand": "St Hugo",
    "description": "750mL, Save $26.00, Any 2 for $80.00",
    "price": "$40.00",
    "originalPrice": "$66.00",
    "savings": "$26.00",
    "specialType": "Half Price Specials"
  },
  {
    "productID": "LIQ005",
    "productName": "Jose Cuervo Limonada Cans",
    "category": "Liquor",
    "brand": "Jose Cuervo",
    "description": "4x330mL",
    "price": "$24.00",
    "originalPrice": "$27.00",
    "savings": "$3.00",
    "specialType": "Half Price Specials"
  },
  {
    "productID": "LIQ006",
    "productName": "Canadian Club & Dry Cans",
    "category": "Liquor",
    "brand": "Canadian Club",
    "description": "6x375mL",
    "price": "$28.00",
    "originalPrice": "$34.00",
    "savings": "$6.00",
    "specialType": "Half Price Specials"
  },
  {
    "productID": "LIQ007",
    "productName": "Jim Beam Black Extra-Aged Kentucky Straight Bourbon",
    "category": "Liquor",
    "brand": "Jim Beam",
    "description": "700mL",
    "price": "$54.00",
    "originalPrice": "$66.00",
    "savings": "$12.00",
    "specialType": "Half Price Specials"
  },
  {
    "productID": "LIQ008",
    "productName": "Altos Plata Tequila",
    "category": "Liquor",
    "brand": "Altos",
    "description": "700mL",
    "price": "$60.00",
    "originalPrice": "$76.00",
    "savings": "$16.00",
    "specialType": "Half Price Specials"
  },
  {
    "productID": "LIQ009",
    "productName": "Croser NV",
    "category": "Liquor",
    "brand": "Croser",
    "description": "750mL, Save $15.00, Any 2 for $45.00",
    "price": "$22.50",
    "originalPrice": "$37.50",
    "savings": "$15.00",
    "specialType": "Half Price Specials"
  },
  {
    "productID": "LIQ010",
    "productName": "NEW Better Beer Zero Carb Lager Cans",
    "category": "Liquor",
    "brand": "Better Beer",
    "description": "24x355mL",
    "price": "$57.00",
    "originalPrice": "$63.00",
    "savings": "$6.00",
    "specialType": "Half Price Specials"
  },
  {
    "productID": "LIQ011",
    "productName": "Tussock Jumper Pinot Grigio",
    "category": "Liquor",
    "brand": "Tussock Jumper",
    "description": "750mL",
    "price": "$10.00",
    "originalPrice": "$18.00",
    "savings": "$8.00",
    "specialType": "Half Price Specials"
  },
  {
    "productID": "LIQ012",
    "productName": "Jacob's Creek Reserve Sparkling Prosecco",
    "category": "Liquor",
    "brand": "Jacob's Creek",
    "description": "750mL",
    "price": "$12.00",
    "originalPrice": "$16.00",
    "savings": "$4.00",
    "specialType": "Half Price Specials"
  },
  {
    "productID": "LIQ013",
    "productName": "-196 Double Lemon & Vodka Cans",
    "category": "Liquor",
    "brand": "-196",
    "description": "4x330mL",
    "price": "$20.00",
    "originalPrice": "$27.00",
    "savings": "$7.00",
    "specialType": "Half Price Specials"
  },
  {
    "productID": "LIQ014",
    "productName": "Jack Daniels Double Jack & Cola Cans",
    "category": "Liquor",
    "brand": "Jack Daniels",
    "description": "4x375mL",
    "price": "$30.00",
    "originalPrice": "$35.00",
    "savings": "$5.00",
    "specialType": "Half Price Specials"
  },
  {
    "productID": "LIQ015",
    "productName": "Smirnoff Red Vodka",
    "category": "Liquor",
    "brand": "Smirnoff",
    "description": "700mL",
    "price": "$46.00",
    "originalPrice": "$48.00",
    "savings": "$2.00",
    "specialType": "Half Price Specials"
  },
  {
    "productID": "LIQ016",
    "productName": "Jose Cuervo Reposado Tequila",
    "category": "Liquor",
    "brand": "Jose Cuervo",
    "description": "700mL",
    "price": "$58.00",
    "originalPrice": "$69.00",
    "savings": "$11.00",
    "specialType": "Half Price Specials"
  },
  {
    "productID": "MEA049",
    "productName": "Coles Beechwood Smoked Full Leg Ham",
    "category": "Meat, Seafood & Deli",
    "brand": "Coles",
    "description": "Per kg, $7.50 per kg",
    "price": "$7.50",
    "originalPrice": null,
    "savings": null,
    "specialType": "All"
  },
  {
    "productID": "OTH007",
    "productName": "Charity Gift Tag",
    "category": "Other",
    "brand": "Coles",
    "description": "1 each",
    "price": "$2.00",
    "originalPrice": null,
    "savings": null,
    "specialType": "All"
  },
  {
    "productID": "OTH008",
    "productName": "Coles Deluxe Charity Cards",
    "category": "Other",
    "brand": "Coles",
    "description": "10 Pack",
    "price": "$5.00",
    "originalPrice": null,
    "savings": null,
    "specialType": "All"
  },
  {
    "productID": "OTH009",
    "productName": "Marathon Dim Sims and Coca-Cola, Fanta or Sprite Soft Drink Combo Deal",
    "category": "Other",
    "brand": "Coles / Marathon",
    "description": "1.5kg Dim Sims + 1.25L Soft Drink",
    "price": "$12.00",
    "originalPrice": null,
    "savings": null,
    "specialType": "All"
  }
]