
    {
      "productID": "COL001",
      "productName": "John West Tuna 95g",
      "category": "Pantry",
      "brand": "John West",
      "description": "Tuna 95g",
      "price": "$1.45",
      "originalPrice": "$2.90",
      "savings": "$1.45",
      "specialType": "SAVE $1.45",
      "unitPrice": "$15.26 per kg"
    },
    {
      "productID": "COL002",
      "productName": "Kellogg's LCMs or Nutri Grain Bars 5 Pack 100g-110g",
      "category": "Pantry",
      "brand": "Kellogg's",
      "description": "LCMs or Nutri Grain Bars 5 Pack 100g-110g",
      "price": "$2.25",
      "originalPrice": "$4.50",
      "savings": "$2.25",
      "specialType": "SAVE $2.25"
    },
    {
      "productID": "COL003",
      "productName": "Raw C Natural Coconut Water 1 Litre",
      "category": "Drinks",
      "brand": "Raw C",
      "description": "Natural Coconut Water 1 Litre",
      "price": "$2.75",
      "originalPrice": "$5.50",
      "savings": "$2.75",
      "specialType": "SAVE $2.75",
      "unitPrice": "$2.75 per litre"
    },
    {
      "productID": "COL004",
      "productName": "Smith's Crinkle Cut Chips or Parker's Pretzels 8 Pack 152g-200g",
      "category": "Snacks",
      "brand": "Smith's",
      "description": "Crinkle Cut Chips or Parker's Pretzels 8 Pack 152g-200g",
      "price": "$3.00",
      "originalPrice": "$6.00",
      "savings": "$3.00",
      "specialType": "SAVE $3.00"
    },
    {
      "productID": "COL005",
      "productName": "Coles RSPCA Approved Chicken Breast Schnitzel 600g",
      "category": "Meat, Seafood & Deli",
      "brand": "Coles",
      "description": "RSPCA Approved Chicken Breast Schnitzel 600g",
      "price": "$7.00",
      "originalPrice": "$9.00",
      "savings": "$2.00",
      "specialType": "SAVE $2.00",
      "unitPrice": "$11.67 per kg"
    },
    {
      "productID": "COL006",
      "productName": "Powerade Sports Drink 600mL",
      "category": "Drinks",
      "brand": "Powerade",
      "description": "Sports Drink 600mL",
      "price": "$2.20",
      "originalPrice": "$4.40",
      "savings": "$2.20",
      "specialType": "SAVE $2.20",
      "unitPrice": "$3.67 per litre"
    },
    {
      "productID": "COL007",
      "productName": "Nestlé Block Chocolate 118g-180g",
      "category": "Pantry",
      "brand": "Nestlé",
      "description": "Block Chocolate 118g-180g",
      "price": "$3.75",
      "originalPrice": "$7.50",
      "savings": "$3.75",
      "specialType": "SAVE $3.75"
    },
    {
      "productID": "COL008",
      "productName": "Bulla Creamy Classics Ice Cream Tub 2 Litre",
      "category": "Frozen",
      "brand": "Bulla",
      "description": "Creamy Classics Ice Cream Tub 2 Litre",
      "price": "$6.00",
      "originalPrice": "$12.00",
      "savings": "$6.00",
      "specialType": "SAVE $6.00",
      "unitPrice": "$0.30 per 100mL"
    },
    {
      "productID": "COL009",
      "productName": "Nivea Antiperspirant Aerosol Deodorant 250mL",
      "category": "Health & Beauty",
      "brand": "Nivea",
      "description": "Antiperspirant Aerosol Deodorant 250mL",
      "price": "$4.75",
      "originalPrice": "$9.50",
      "savings": "$4.75",
      "specialType": "SAVE $4.75",
      "unitPrice": "$1.90 per 100mL"
    },
    {
      "productID": "COL010",
      "productName": "Omo Laundry Liquid 2 Litre or Powder 2kg",
      "category": "Household",
      "brand": "Omo",
      "description": "Laundry Liquid 2 Litre or Powder 2kg",
      "price": "$15.00",
      "originalPrice": "$30.00",
      "savings": "$15.00",
      "specialType": "SAVE $15.00"
    },
    {
      "productID": "COL011",
      "productName": "Blackmores Fish Oil 1000mg Capsules 400 Pack",
      "category": "Health & Beauty",
      "brand": "Blackmores",
      "description": "Fish Oil 1000mg Capsules 400 Pack",
      "price": "$30.00",
      "originalPrice": "$60.00",
      "savings": "$30.00",
      "specialType": "SAVE $30.00",
      "unitPrice": "$7.50 per 100 each"
    },
    {
      "productID": "COL012",
      "productName": "Australian Gourmet Tomatoes",
      "category": "Fruit & Vegetables",
      "brand": "Coles",
      "description": "Australian Gourmet Tomatoes",
      "price": "$4.90",
      "originalPrice": null,
      "savings": null,
      "specialType": "EVERY DAY",
      "unitPrice": "$4.90 per kg"
    },
    {
      "productID": "COL013",
      "productName": "Cadbury Chocolate Bar 30g-55g",
      "category": "Pantry",
      "brand": "Cadbury",
      "description": "Chocolate Bar 30g-55g",
      "price": "$1.25",
      "originalPrice": "$3.00",
      "savings": "$1.75",
      "specialType": "SAVE $1.75"
    },
    {
      "productID": "COL014",
      "productName": "Ritz Crackers 227g",
      "category": "Pantry",
      "brand": "Ritz",
      "description": "Crackers 227g",
      "price": "$1.75",
      "originalPrice": "$3.50",
      "savings": "$1.75",
      "specialType": "SAVE $1.75",
      "unitPrice": "$0.77 per 100g"
    },
    {
      "productID": "COL015",
      "productName": "Cobs Popcorn 80g-120g",
      "category": "Snacks",
      "brand": "Cobs",
      "description": "Popcorn 80g-120g",
      "price": "$1.75",
      "originalPrice": "$3.50",
      "savings": "$1.75",
      "specialType": "SAVE $1.75"
    },
    {
      "productID": "COL016",
      "productName": "CC's Corn Chips 175g",
      "category": "Snacks",
      "brand": "CC's",
      "description": "Corn Chips 175g",
      "price": "$2.50",
      "originalPrice": "$5.00",
      "savings": "$2.50",
      "specialType": "SAVE $2.50",
      "unitPrice": "$1.43 per 100g"
    },
    {
      "productID": "COL017",
      "productName": "Smith's Crinkle Cut Potato Chips 150g-170g",
      "category": "Snacks",
      "brand": "Smith's",
      "description": "Crinkle Cut Potato Chips 150g-170g",
      "price": "$2.50",
      "originalPrice": "$5.00",
      "savings": "$2.50",
      "specialType": "SAVE $2.50"
    },
    {
      "productID": "COL018",
      "productName": "Twisties or Doritos Minis 115g-120g",
      "category": "Snacks",
      "brand": "Twisties/Doritos",
      "description": "Minis 115g-120g",
      "price": "$2.75",
      "originalPrice": "$5.50",
      "savings": "$2.75",
      "specialType": "SAVE $2.75"
    },
    {
      "productID": "COL019",
      "productName": "Monster Energy Drink 4x500mL",
      "category": "Drinks",
      "brand": "Monster",
      "description": "Energy Drink 4x500mL",
      "price": "$8.25",
      "originalPrice": "$16.50",
      "savings": "$8.25",
      "specialType": "SAVE $8.25",
      "unitPrice": "$4.13 per litre"
    },
    {
      "productID": "COL020",
      "productName": "Pepsi or Solo Soft Drink or Schweppes Sparkling Water 10x375mL",
      "category": "Drinks",
      "brand": "Pepsi/Solo/Schweppes",
      "description": "Soft Drink or Sparkling Water 10x375mL",
      "price": "$9.50",
      "originalPrice": "$19.00",
      "savings": "$9.50",
      "specialType": "SAVE $9.50",
      "unitPrice": "$2.53 per litre"
    },
    {
      "productID": "COL021",
      "productName": "Coca-Cola, Fanta or Sprite Soft Drink 12x300mL",
      "category": "Drinks",
      "brand": "Coca-Cola",
      "description": "Soft Drink 12x300mL",
      "price": "$10.00",
      "originalPrice": "$20.00",
      "savings": "$10.00",
      "specialType": "SAVE $10.00",
      "unitPrice": "$2.78 per litre"
    },
    {
      "productID": "COL022",
      "productName": "Pureharvest Organic Oat Milk 1 Litre",
      "category": "Dairy, Eggs & Meals",
      "brand": "Pureharvest",
      "description": "Organic Oat Milk 1 Litre",
      "price": "$1.50",
      "originalPrice": "$3.00",
      "savings": "$1.50",
      "specialType": "SAVE $1.50",
      "unitPrice": "$1.50 per litre"
    },
    {
      "productID": "COL023",
      "productName": "Kellogg's K-Time Twists 185g",
      "category": "Pantry",
      "brand": "Kellogg's",
      "description": "K-Time Twists 185g",
      "price": "$2.75",
      "originalPrice": "$5.50",
      "savings": "$2.75",
      "specialType": "SAVE $2.75",
      "unitPrice": "$1.49 per 100g"
    },
    {
      "productID": "COL024",
      "productName": "Kellogg's LCMs Treatz 130g",
      "category": "Pantry",
      "brand": "Kellogg's",
      "description": "LCMs Treatz 130g",
      "price": "$3.00",
      "originalPrice": "$6.00",
      "savings": "$3.00",
      "specialType": "SAVE $3.00",
      "unitPrice": "$2.31 per 100g"
    },
    {
      "productID": "COL025",
      "productName": "Uncle Tobys Protein Muesli Bars 175g",
      "category": "Pantry",
      "brand": "Uncle Tobys",
      "description": "Protein Muesli Bars 175g",
      "price": "$3.35",
      "originalPrice": "$6.70",
      "savings": "$3.35",
      "specialType": "SAVE $3.35",
      "unitPrice": "$1.91 per 100g"
    },
    {
      "productID": "COL026",
      "productName": "Moccona Café Classics Coffee Sachets 10 Pack",
      "category": "Pantry",
      "brand": "Moccona",
      "description": "Café Classics Coffee Sachets 10 Pack",
      "price": "$3.95",
      "originalPrice": "$7.90",
      "savings": "$3.95",
      "specialType": "SAVE $3.95",
      "unitPrice": "$0.40 per each"
    },
    {
      "productID": "COL027",
      "productName": "Nescafé Instant Flavoured Coffee 95g",
      "category": "Pantry",
      "brand": "Nescafé",
      "description": "Instant Flavoured Coffee 95g",
      "price": "$5.50",
      "originalPrice": "$11.00",
      "savings": "$5.50",
      "specialType": "SAVE $5.50",
      "unitPrice": "$5.79 per 100g"
    },
    {
      "productID": "COL028",
      "productName": "Blackmores CoQ10 150mg Capsules 30 Pack",
      "category": "Health & Beauty",
      "brand": "Blackmores",
      "description": "CoQ10 150mg Capsules 30 Pack",
      "price": "$15.00",
      "originalPrice": "$30.00",
      "savings": "$15.00",
      "specialType": "SAVE $15.00",
      "unitPrice": "$50.00 per 100 each"
    },
    {
      "productID": "COL029",
      "productName": "Blackmores Rapi-Melts 60 Pack",
      "category": "Health & Beauty",
      "brand": "Blackmores",
      "description": "Rapi-Melts 60 Pack",
      "price": "$15.00",
      "originalPrice": "$30.00",
      "savings": "$15.00",
      "specialType": "SAVE $15.00",
      "unitPrice": "$25.00 per 100 each"
    },
    {
      "productID": "COL030",
      "productName": "Blackmores Probiotics+ Daily Health or Immune Defence Capsules 30 Pack",
      "category": "Health & Beauty",
      "brand": "Blackmores",
      "description": "Probiotics+ Daily Health or Immune Defence Capsules 30 Pack",
      "price": "$17.50",
      "originalPrice": "$35.00",
      "savings": "$17.50",
      "specialType": "SAVE $17.50",
      "unitPrice": "$58.33 per 100 each"
    },
    {
      "productID": "COL031",
      "productName": "Blackmores Executive B Stress Formula Tablets 125 Pack",
      "category": "Health & Beauty",
      "brand": "Blackmores",
      "description": "Executive B Stress Formula Tablets 125 Pack",
      "price": "$20.00",
      "originalPrice": "$40.00",
      "savings": "$20.00",
      "specialType": "SAVE $20.00",
      "unitPrice": "$16.00 per 100 each"
    },
    {
      "productID": "COL032",
      "productName": "Blackmores Super Magnesium+ Tablets 180 Pack or Bio Zinc Tablets 168 Pack",
      "category": "Health & Beauty",
      "brand": "Blackmores",
      "description": "Super Magnesium+ Tablets 180 Pack or Bio Zinc Tablets 168 Pack",
      "price": "$22.50",
      "originalPrice": "$45.00",
      "savings": "$22.50",
      "specialType": "SAVE $22.50"
    },
    {
      "productID": "COL033",
      "productName": "Blackmores Bio Magnesium Tablets 150 Pack",
      "category": "Health & Beauty",
      "brand": "Blackmores",
      "description": "Bio Magnesium Tablets 150 Pack",
      "price": "$20.00",
      "originalPrice": "$40.00",
      "savings": "$20.00",
      "specialType": "SAVE $20.00",
      "unitPrice": "$13.33 per 100 each"
    },
    {
      "productID": "COL034",
      "productName": "Colgate Advanced Whitening & Tartar or Max Fresh Toothpaste 115g",
      "category": "Health & Beauty",
      "brand": "Colgate",
      "description": "Advanced Whitening & Tartar or Max Fresh Toothpaste 115g",
      "price": "$3.25",
      "originalPrice": "$6.50",
      "savings": "$3.25",
      "specialType": "SAVE $3.25",
      "unitPrice": "$2.83 per 100g"
    },
    {
      "productID": "COL035",
      "productName": "Colgate Optic White Luminous Express White or High Impact Toothpaste 85g",
      "category": "Health & Beauty",
      "brand": "Colgate",
      "description": "Optic White Luminous Express White or High Impact Toothpaste 85g",
      "price": "$6.00",
      "originalPrice": "$12.00",
      "savings": "$6.00",
      "specialType": "SAVE $6.00",
      "unitPrice": "$7.06 per 100g"
    },
    {
      "productID": "COL036",
      "productName": "Hismile Toothpaste Grape Bubblegum or Watermelon 60g",
      "category": "Health & Beauty",
      "brand": "Hismile",
      "description": "Toothpaste Grape Bubblegum or Watermelon 60g",
      "price": "$6.50",
      "originalPrice": "$13.00",
      "savings": "$6.50",
      "specialType": "SAVE $6.50",
      "unitPrice": "$10.83 per 100g"
    },
    {
      "productID": "COL037",
      "productName": "Nivea Body Wash 1 Litre",
      "category": "Health & Beauty",
      "brand": "Nivea",
      "description": "Body Wash 1 Litre",
      "price": "$8.50",
      "originalPrice": "$17.00",
      "savings": "$8.50",
      "specialType": "SAVE $8.50",
      "unitPrice": "$0.85 per 100mL"
    },
    {
      "productID": "COL038",
      "productName": "Brut Original Antiperspirant Deodorant 212mL or Body Spray 130g",
      "category": "Health & Beauty",
      "brand": "Brut",
      "description": "Original Antiperspirant Deodorant 212mL or Body Spray 130g",
      "price": "$3.75",
      "originalPrice": "$7.50",
      "savings": "$3.75",
      "specialType": "SAVE $3.75"
    },
    {
      "productID": "COL039",
      "productName": "Herbal Essences Classics Shampoo or Conditioner 600mL",
      "category": "Health & Beauty",
      "brand": "Herbal Essences",
      "description": "Classics Shampoo or Conditioner 600mL",
      "price": "$7.50",
      "originalPrice": "$15.00",
      "savings": "$7.50",
      "specialType": "SAVE $7.50",
      "unitPrice": "$1.25 per 100mL"
    },
    {
      "productID": "COL040",
      "productName": "Garnier Fructis Hair Food 390mL",
      "category": "Health & Beauty",
      "brand": "Garnier",
      "description": "Hair Food 390mL",
      "price": "$7.50",
      "originalPrice": "$15.00",
      "savings": "$7.50",
      "specialType": "SAVE $7.50",
      "unitPrice": "$1.92 per 100mL"
    },
    {
      "productID": "COL041",
      "productName": "Garnier Fructis Shampoo or Conditioner 315mL",
      "category": "Health & Beauty",
      "brand": "Garnier",
      "description": "Shampoo or Conditioner 315mL",
      "price": "$4.00",
      "originalPrice": "$8.00",
      "savings": "$4.00",
      "specialType": "SAVE $4.00",
      "unitPrice": "$1.27 per 100mL"
    },
    {
      "productID": "COL042",
      "productName": "Carefree Barely There Unscented Liners 42 Pack",
      "category": "Health & Beauty",
      "brand": "Carefree",
      "description": "Barely There Unscented Liners 42 Pack",
      "price": "$2.75",
      "originalPrice": "$5.50",
      "savings": "$2.75",
      "specialType": "SAVE $2.75",
      "unitPrice": "$0.07 per each"
    },
    {
      "productID": "COL043",
      "productName": "Stayfree Ultra Thin Pads with Wings Regular 14 Pack",
      "category": "Health & Beauty",
      "brand": "Stayfree",
      "description": "Ultra Thin Pads with Wings Regular 14 Pack",
      "price": "$3.00",
      "originalPrice": "$6.00",
      "savings": "$3.00",
      "specialType": "SAVE $3.00",
      "unitPrice": "$0.21 per each"
    },
    {
      "productID": "COL044",
      "productName": "Garnier Vitamin C Micellar Water 400mL",
      "category": "Health & Beauty",
      "brand": "Garnier",
      "description": "Vitamin C Micellar Water 400mL",
      "price": "$9.00",
      "originalPrice": "$18.00",
      "savings": "$9.00",
      "specialType": "SAVE $9.00",
      "unitPrice": "$2.25 per 100mL"
    },
    {
      "productID": "COL045",
      "productName": "Ogx Extra Strength Shampoo or Conditioner 385mL",
      "category": "Health & Beauty",
      "brand": "Ogx",
      "description": "Extra Strength Shampoo or Conditioner 385mL",
      "price": "$12.50",
      "originalPrice": "$25.00",
      "savings": "$12.50",
      "specialType": "SAVE $12.50",
      "unitPrice": "$3.25 per 100mL"
    },
    {
      "productID": "COL046",
      "productName": "Cold Power Laundry Capsules 29 Pack",
      "category": "Household",
      "brand": "Cold Power",
      "description": "Laundry Capsules 29 Pack",
      "price": "$13.00",
      "originalPrice": "$26.00",
      "savings": "$13.00",
      "specialType": "SAVE $13.00",
      "unitPrice": "$0.45 per each"
    },
    {
      "productID": "COL047",
      "productName": "Air Wick Pure Scented Oil Diffuser + Refill 19mL",
      "category": "Household",
      "brand": "Air Wick",
      "description": "Pure Scented Oil Diffuser + Refill 19mL",
      "price": "$7.00",
      "originalPrice": "$14.00",
      "savings": "$7.00",
      "specialType": "SAVE $7.00",
      "unitPrice": "$3.68 per 10mL"
    },
    {
      "productID": "COL048",
      "productName": "Botanica by Air Wick Wax Blended Candle 1 Each",
      "category": "Household",
      "brand": "Air Wick",
      "description": "Wax Blended Candle 1 Each",
      "price": "$17.50",
      "originalPrice": "$35.00",
      "savings": "$17.50",
      "specialType": "SAVE $17.50",
      "unitPrice": "$17.50 per each"
    },
    {
      "productID": "COL049",
      "productName": "Harpic Fresh Power Liquid Toilet Cleaner 700mL",
      "category": "Household",
      "brand": "Harpic",
      "description": "Fresh Power Liquid Toilet Cleaner 700mL",
      "price": "$3.50",
      "originalPrice": "$7.00",
      "savings": "$3.50",
      "specialType": "SAVE $3.50",
      "unitPrice": "$0.50 per 100mL"
    },
    {
      "productID": "COL050",
      "productName": "Harpic In The Bowl Toilet Cleaner 39g",
      "category": "Household",
      "brand": "Harpic",
      "description": "In The Bowl Toilet Cleaner 39g",
      "price": "$3.50",
      "originalPrice": "$7.00",
      "savings": "$3.50",
      "specialType": "SAVE $3.50",
      "unitPrice": "$8.97 per 100g"
    },
    {
      "productID": "COL051",
      "productName": "Morning Fresh Dishwashing Liquid 400mL",
      "category": "Household",
      "brand": "Morning Fresh",
      "description": "Dishwashing Liquid 400mL",
      "price": "$3.00",
      "originalPrice": "$6.00",
      "savings": "$3.00",
      "specialType": "SAVE $3.00",
      "unitPrice": "$0.75 per 100mL"
    },
    {
      "productID": "COL052",
      "productName": "Cuddly Concentrate Fabric Conditioner 900mL-1 Litre",
      "category": "Household",
      "brand": "Cuddly",
      "description": "Concentrate Fabric Conditioner 900mL-1 Litre",
      "price": "$5.25",
      "originalPrice": "$10.50",
      "savings": "$5.25",
      "specialType": "SAVE $5.25"
    },
    {
      "productID": "COL053",
      "productName": "Radiant Laundry Capsules 45 Pack",
      "category": "Household",
      "brand": "Radiant",
      "description": "Laundry Capsules 45 Pack",
      "price": "$16.00",
      "originalPrice": "$32.00",
      "savings": "$16.00",
      "specialType": "SAVE $16.00",
      "unitPrice": "$0.36 per each"
    },
    {
      "productID": "COL054",
      "productName": "Vanish NapiSan Oxi Action Gold Stain Remover Powder 2kg",
      "category": "Household",
      "brand": "Vanish",
      "description": "Oxi Action Gold Stain Remover Powder 2kg",
      "price": "$16.00",
      "originalPrice": "$32.00",
      "savings": "$16.00",
      "specialType": "SAVE $16.00",
      "unitPrice": "$8.00 per kg"
    },
    {
      "productID": "COL055",
      "productName": "Don Sliced Meat 160g-200g",
      "category": "Meat, Seafood & Deli",
      "brand": "Don",
      "description": "Sliced Meat 160g-200g",
      "price": "$3.90",
      "originalPrice": "$6.60",
      "savings": "$2.70",
      "specialType": "SAVE $2.70"
    },
    {
      "productID": "COL056",
      "productName": "Coles Soft Wraps 8 Pack 360g",
      "category": "Bread & Bakery",
      "brand": "Coles",
      "description": "Soft Wraps 8 Pack 360g",
      "price": "$2.20",
      "originalPrice": null,
      "savings": null,
      "specialType": "EVERY DAY",
      "unitPrice": "$0.61 per 100g"
    },
    {
      "productID": "COL057",
      "productName": "Coles Bakery Rolls 6 Pack",
      "category": "Bread & Bakery",
      "brand": "Coles",
      "description": "Bakery Rolls 6 Pack",
      "price": "$3.00",
      "originalPrice": null,
      "savings": null,
      "specialType": "EVERY DAY",
      "unitPrice": "$0.50 per each"
    },
    {
      "productID": "COL058",
      "productName": "Coles Australian Cherry Tomatoes 250g Pack",
      "category": "Fruit & Vegetables",
      "brand": "Coles",
      "description": "Australian Cherry Tomatoes 250g Pack",
      "price": "$2.50",
      "originalPrice": null,
      "savings": null,
      "specialType": "EVERY DAY",
      "unitPrice": "$10.00 per kg"
    },
    {
      "productID": "COL059",
      "productName": "Coles Cheese Slices 500g",
      "category": "Dairy, Eggs & Meals",
      "brand": "Coles",
      "description": "Cheese Slices 500g",
      "price": "$7.90",
      "originalPrice": null,
      "savings": null,
      "specialType": "EVERY DAY",
      "unitPrice": "$15.80 per kg"
    },
    {
      "productID": "COL060",
      "productName": "Coles Strawberry Flavoured Milk 6x200mL",
      "category": "Dairy, Eggs & Meals",
      "brand": "Coles",
      "description": "Strawberry Flavoured Milk 6x200mL",
      "price": "$4.90",
      "originalPrice": null,
      "savings": null,
      "specialType": "EVERY DAY",
      "unitPrice": "$4.08 per litre"
    },
    {
      "productID": "COL061",
      "productName": "Peckish White Rice Crackers 90g",
      "category": "Pantry",
      "brand": "Peckish",
      "description": "White Rice Crackers 90g",
      "price": "$1.85",
      "originalPrice": "$2.50",
      "savings": "$0.65",
      "specialType": "SAVE $0.65",
      "unitPrice": "$2.06 per 100g"
    },
    {
      "productID": "COL062",
      "productName": "Oreo Creme Cookies 128g-131g",
      "category": "Pantry",
      "brand": "Oreo",
      "description": "Creme Cookies 128g-131g",
      "price": "$2.00",
      "originalPrice": "$3.00",
      "savings": "$1.00",
      "specialType": "SAVE $1.00"
    },
    {
      "productID": "COL063",
      "productName": "Smith's Crackers 160g",
      "category": "Pantry",
      "brand": "Smith's",
      "description": "Crackers 160g",
      "price": "$2.80",
      "originalPrice": "$4.00",
      "savings": "$1.20",
      "specialType": "SAVE $1.20",
      "unitPrice": "$1.75 per 100g"
    },
    {
      "productID": "COL064",
      "productName": "Arnott's Salada or Vita-Weat Crispbreads 250g",
      "category": "Pantry",
      "brand": "Arnott's",
      "description": "Salada or Vita-Weat Crispbreads 250g",
      "price": "$3.00",
      "originalPrice": null,
      "savings": "$2.00",
      "specialType": "2 for $6.00",
      "unitPrice": "$1.20 per 100g"
    },
    {
      "productID": "COL065",
      "productName": "Top 20 Variety Pack 375g",
      "category": "Pantry",
      "brand": "Top",
      "description": "Variety Pack 375g",
      "price": "$7.50",
      "originalPrice": null,
      "savings": null,
      "specialType": "EVERY DAY",
      "unitPrice": "$2.00 per 100g"
    },
    {
      "productID": "COL066",
      "productName": "Arnott's Tiny Teddy Biscuits or Shapes Crackers 184g-200g",
      "category": "Pantry",
      "brand": "Arnott's",
      "description": "Tiny Teddy Biscuits or Shapes Crackers 184g-200g",
      "price": "$4.00",
      "originalPrice": null,
      "savings": "$2.00",
      "specialType": "2 for $8.00"
    },
    {
      "productID": "COL067",
      "productName": "Arnott's Mint Slice or Half Coat Scotch Finger Biscuits 200g-250g",
      "category": "Pantry",
      "brand": "Arnott's",
      "description": "Mint Slice or Half Coat Scotch Finger Biscuits 200g-250g",
      "price": "$3.30",
      "originalPrice": "$5.50",
      "savings": "$2.20",
      "specialType": "SAVE $2.20"
    },
    {
      "productID": "COL068",
      "productName": "Arnott's Scotch Finger Biscuits 250g",
      "category": "Pantry",
      "brand": "Arnott's",
      "description": "Scotch Finger Biscuits 250g",
      "price": "$1.95",
      "originalPrice": "$3.30",
      "savings": "$1.35",
      "specialType": "SAVE $1.35",
      "unitPrice": "$0.78 per 100g"
    },
    {
      "productID": "COL069",
      "productName": "Arnott's Tina Wafer, Hundreds & Thousands or Iced Vovo Biscuits 200g-210g",
      "category": "Pantry",
      "brand": "Arnott's",
      "description": "Tina Wafer, Hundreds & Thousands or Iced Vovo Biscuits 200g-210g",
      "price": "$3.00",
      "originalPrice": "$4.00",
      "savings": "$1.00",
      "specialType": "SAVE $1.00"
    },
    {
      "productID": "COL070",
      "productName": "Primo Air Dried Salami Sticks 90g",
      "category": "Meat, Seafood & Deli",
      "brand": "Primo",
      "description": "Air Dried Salami Sticks 90g",
      "price": "$3.90",
      "originalPrice": "$6.50",
      "savings": "$2.60",
      "specialType": "SAVE $2.60",
      "unitPrice": "$4.33 per 100g"
    },
    {
      "productID": "COL071",
      "productName": "Sirena Tuna Superfoods & Rice 170g",
      "category": "Pantry",
      "brand": "Sirena",
      "description": "Tuna Superfoods & Rice 170g",
      "price": "$3.30",
      "originalPrice": "$4.30",
      "savings": "$1.00",
      "specialType": "SAVE $1.00",
      "unitPrice": "$1.94 per 100g"
    },
    {
      "productID": "COL072",
      "productName": "Goulburn Valley Peaches or Apricots in Juice 700g",
      "category": "Pantry",
      "brand": "Goulburn Valley",
      "description": "Peaches or Apricots in Juice 700g",
      "price": "$3.50",
      "originalPrice": "$5.00",
      "savings": "$1.50",
      "specialType": "SAVE $1.50",
      "unitPrice": "$5.00 per kg"
    },
    {
      "productID": "COL073",
      "productName": "Bega Smooth or Crunchy Peanut Butter 375g",
      "category": "Pantry",
      "brand": "Bega",
      "description": "Smooth or Crunchy Peanut Butter 375g",
      "price": "$4.90",
      "originalPrice": "$5.80",
      "savings": "$0.90",
      "specialType": "DOWN DOWN",
      "unitPrice": "$1.31 per 100g"
    },
    {
      "productID": "COL074",
      "productName": "Carman's Toasted Muesli 500g",
      "category": "Pantry",
      "brand": "Carman's",
      "description": "Toasted Muesli 500g",
      "price": "$6.00",
      "originalPrice": "$7.50",
      "savings": "$1.50",
      "specialType": "SAVE $1.50",
      "unitPrice": "$1.20 per 100g"
    },
    {
      "productID": "COL075",
      "productName": "Nestlé Milo Bars 210g-270g",
      "category": "Pantry",
      "brand": "Nestlé",
      "description": "Milo Bars 210g-270g",
      "price": "$6.50",
      "originalPrice": "$9.00",
      "savings": "$2.50",
      "specialType": "SAVE $2.50"
    },
    {
      "productID": "COL076",
      "productName": "Nestlé Milo Protein or Restore Overnight 440g",
      "category": "Pantry",
      "brand": "Nestlé",
      "description": "Milo Protein or Restore Overnight 440g",
      "price": "$8.40",
      "originalPrice": "$12.00",
      "savings": "$3.60",
      "specialType": "SAVE $3.60",
      "unitPrice": "$1.91 per 100g"
    },
    {
      "productID": "COL077",
      "productName": "Vegemite 560g",
      "category": "Pantry",
      "brand": "Vegemite",
      "description": "Vegemite 560g",
      "price": "$9.90",
      "originalPrice": null,
      "savings": null,
      "specialType": "EVERY DAY",
      "unitPrice": "$1.77 per 100g"
    },
    {
      "productID": "COL078",
      "productName": "Nestlé Milo Energy Dairy Snack Pouch 150g",
      "category": "Pantry",
      "brand": "Nestlé",
      "description": "Milo Energy Dairy Snack Pouch 150g",
      "price": "$2.00",
      "originalPrice": "$2.80",
      "savings": "$0.80",
      "specialType": "SAVE $0.80",
      "unitPrice": "$1.33 per 100g"
    },
    {
      "productID": "COL079",
      "productName": "Activia Probiotic Yoghurt No Added Sugar 4x125g",
      "category": "Dairy, Eggs & Meals",
      "brand": "Activia",
      "description": "Probiotic Yoghurt No Added Sugar 4x125g",
      "price": "$4.20",
      "originalPrice": "$6.00",
      "savings": "$1.80",
      "specialType": "SAVE $1.80",
      "unitPrice": "$0.84 per 100g"
    },
    {
      "productID": "COL080",
      "productName": "Dare Flavoured Milk 750mL",
      "category": "Dairy, Eggs & Meals",
      "brand": "Dare",
      "description": "Flavoured Milk 750mL",
      "price": "$4.50",
      "originalPrice": "$5.40",
      "savings": "$0.90",
      "specialType": "DOWN DOWN",
      "unitPrice": "$6.00 per litre"
    },
    {
      "productID": "COL081",
      "productName": "The Juice Lab Wellness Shot 60mL",
      "category": "Drinks",
      "brand": "The Juice Lab",
      "description": "Wellness Shot 60mL",
      "price": "$2.50",
      "originalPrice": "$3.50",
      "savings": "$1.00",
      "specialType": "SAVE $1.00",
      "unitPrice": "$41.67 per litre"
    },
    {
      "productID": "COL082",
      "productName": "Ultimate Yoghurt 4x115g",
      "category": "Dairy, Eggs & Meals",
      "brand": "Ultimate",
      "description": "Yoghurt 4x115g",
      "price": "$4.20",
      "originalPrice": "$6.00",
      "savings": "$1.80",
      "specialType": "SAVE $1.80",
      "unitPrice": "$0.91 per 100g"
    },
    {
      "productID": "COL083",
      "productName": "Tamar Valley Dairy The Creamery Greek Style Yoghurt 700g",
      "category": "Dairy, Eggs & Meals",
      "brand": "Tamar Valley Dairy",
      "description": "The Creamery Greek Style Yoghurt 700g",
      "price": "$5.60",
      "originalPrice": "$7.20",
      "savings": "$1.60",
      "specialType": "SAVE $1.60",
      "unitPrice": "$0.80 per 100g"
    },
    {
      "productID": "COL084",
      "productName": "Mainland Cheese & Crackers 36g-50g",
      "category": "Dairy, Eggs & Meals",
      "brand": "Mainland",
      "description": "Cheese & Crackers 36g-50g",
      "price": "$2.70",
      "originalPrice": null,
      "savings": "$0.60",
      "specialType": "2 for $5.40"
    },
    {
      "productID": "COL085",
      "productName": "Bega Cheese & Crackers 38g",
      "category": "Dairy, Eggs & Meals",
      "brand": "Bega",
      "description": "Cheese & Crackers 38g",
      "price": "$2.50",
      "originalPrice": null,
      "savings": "$1.00",
      "specialType": "2 for $5.00",
      "unitPrice": "$6.58 per 100g"
    },
    {
      "productID": "COL086",
      "productName": "Bulla Goodness Greek Style Yoghurt 'n' Muesli 170g",
      "category": "Dairy, Eggs & Meals",
      "brand": "Bulla",
      "description": "Greek Style Yoghurt 'n' Muesli 170g",
      "price": "$2.10",
      "originalPrice": "$4.25",
      "savings": "$2.15",
      "specialType": "SAVE $2.15",
      "unitPrice": "$1.24 per 100g"
    },
    {
      "productID": "COL087",
      "productName": "Gippsland Dairy Mix-ins 140g",
      "category": "Dairy, Eggs & Meals",
      "brand": "Gippsland Dairy",
      "description": "Mix-ins 140g",
      "price": "$2.50",
      "originalPrice": "$4.20",
      "savings": "$1.70",
      "specialType": "SAVE $1.70",
      "unitPrice": "$1.79 per 100g"
    },
    {
      "productID": "COL088",
      "productName": "Tamar Valley Dairy Kids Greek Style Yoghurt Pouch 110g",
      "category": "Dairy, Eggs & Meals",
      "brand": "Tamar Valley Dairy",
      "description": "Kids Greek Style Yoghurt Pouch 110g",
      "price": "$2.00",
      "originalPrice": null,
      "savings": "$2.50",
      "specialType": "5 for $10.00",
      "unitPrice": "$1.82 per 100g"
    },
    {
      "productID": "COL089",
      "productName": "Nudie Kids Juice 200mL",
      "category": "Drinks",
      "brand": "Nudie",
      "description": "Kids Juice 200mL",
      "price": "$1.80",
      "originalPrice": "$2.30",
      "savings": "$0.50",
      "specialType": "SAVE $0.50",
      "unitPrice": "$9.00 per litre"
    },
    {
      "productID": "COL090",
      "productName": "Pauls Plus+ Protein Flavoured Milk 400mL",
      "category": "Dairy, Eggs & Meals",
      "brand": "Pauls",
      "description": "Plus+ Protein Flavoured Milk 400mL",
      "price": "$3.40",
      "originalPrice": "$4.40",
      "savings": "$1.00",
      "specialType": "SAVE $1.00",
      "unitPrice": "$8.50 per litre"
    },
    {
      "productID": "COL091",
      "productName": "Primo Protein Stackers 55g or Trios 50g",
      "category": "Snacks",
      "brand": "Primo",
      "description": "Protein Stackers 55g or Trios 50g",
      "price": "$3.00",
      "originalPrice": "$4.50",
      "savings": "$1.50",
      "specialType": "SAVE $1.50"
    },
    {
      "productID": "COL092",
      "productName": "Bega Cheese Stringers 8 Pack 160g",
      "category": "Dairy, Eggs & Meals",
      "brand": "Bega",
      "description": "Cheese Stringers 8 Pack 160g",
      "price": "$5.60",
      "originalPrice": "$7.00",
      "savings": "$1.40",
      "specialType": "SAVE $1.40",
      "unitPrice": "$35.00 per kg"
    },
    {
      "productID": "COL093",
      "productName": "Devondale Spreadable Blend 500g",
      "category": "Dairy, Eggs & Meals",
      "brand": "Devondale",
      "description": "Spreadable Blend 500g",
      "price": "$6.70",
      "originalPrice": "$7.50",
      "savings": "$0.80",
      "specialType": "DOWN DOWN",
      "unitPrice": "$1.34 per 100g"
    },
    {
      "productID": "COL094",
      "productName": "Bega Cheese Slices 500g",
      "category": "Dairy, Eggs & Meals",
      "brand": "Bega",
      "description": "Cheese Slices 500g",
      "price": "$9.50",
      "originalPrice": "$11.00",
      "savings": "$1.50",
      "specialType": "SAVE $1.50",
      "unitPrice": "$19.00 per kg"
    },
    {
      "productID": "COL095",
      "productName": "Bega Cheese Block or Grated 500g",
      "category": "Dairy, Eggs & Meals",
      "brand": "Bega",
      "description": "Cheese Block or Grated 500g",
      "price": "$9.50",
      "originalPrice": "$10.50",
      "savings": "$1.00",
      "specialType": "DOWN DOWN",
      "unitPrice": "$19.00 per kg"
    },
    {
      "productID": "COL096",
      "productName": "Mayver's Protein+ Bars 200g",
      "category": "Pantry",
      "brand": "Mayver's",
      "description": "Protein+ Bars 200g",
      "price": "$5.50",
      "originalPrice": "$7.90",
      "savings": "$2.40",
      "specialType": "SAVE $2.40",
      "unitPrice": "$2.75 per 100g"
    },
    {
      "productID": "COL097",
      "productName": "Kellogg's High Protein Granola 450g",
      "category": "Pantry",
      "brand": "Kellogg's",
      "description": "High Protein Granola 450g",
      "price": "$6.30",
      "originalPrice": "$9.00",
      "savings": "$2.70",
      "specialType": "SAVE $2.70",
      "unitPrice": "$1.40 per 100g"
    },
    {
      "productID": "COL098",
      "productName": "Kellogg's Nutri-Grain Choc Malt 500g or Crunchy Nut Corn Flakes 640g",
      "category": "Pantry",
      "brand": "Kellogg's",
      "description": "Nutri-Grain Choc Malt 500g or Crunchy Nut Corn Flakes 640g",
      "price": "$7.00",
      "originalPrice": "$10.00",
      "savings": "$3.00",
      "specialType": "SAVE $3.00"
    },
    {
      "productID": "COL099",
      "productName": "Kellogg's LCMs Variety 18 Pack 360g",
      "category": "Pantry",
      "brand": "Kellogg's",
      "description": "LCMs Variety 18 Pack 360g",
      "price": "$9.00",
      "originalPrice": null,
      "savings": null,
      "specialType": "EVERY DAY",
      "unitPrice": "$2.50 per 100g"
    },
    {
      "productID": "COL100",
      "productName": "Carman's Nut or Muesli Bars Value Pack 350g-540g",
      "category": "Pantry",
      "brand": "Carman's",
      "description": "Nut or Muesli Bars Value Pack 350g-540g",
      "price": "$11.50",
      "originalPrice": null,
      "savings": null,
      "specialType": "EVERY DAY"
    },
    {
      "productID": "COL101",
      "productName": "Lotus Biscoff Spread 700g-720g",
      "category": "Pantry",
      "brand": "Lotus",
      "description": "Biscoff Spread 700g-720g",
      "price": "$10.00",
      "originalPrice": "$12.00",
      "savings": "$2.00",
      "specialType": "DOWN DOWN"
    },
    {
      "productID": "COL102",
      "productName": "Coles BOM Protein Chocolate or Vanilla Flavour 6x250mL",
      "category": "Dairy, Eggs & Meals",
      "brand": "Coles",
      "description": "BOM Protein Chocolate or Vanilla Flavour 6x250mL",
      "price": "$8.50",
      "originalPrice": null,
      "savings": null,
      "specialType": "EVERY DAY",
      "unitPrice": "$5.67 per litre"
    },
    {
      "productID": "COL103",
      "productName": "Mr Kipling Cakes or Slices 150g-165g",
      "category": "Pantry",
      "brand": "Mr Kipling",
      "description": "Cakes or Slices 150g-165g",
      "price": "$3.60",
      "originalPrice": "$6.00",
      "savings": "$2.40",
      "specialType": "SAVE $2.40"
    },
    {
      "productID": "COL104",
      "productName": "Coles Bakery Rustic Baguette",
      "category": "Bread & Bakery",
      "brand": "Coles",
      "description": "Rustic Baguette",
      "price": "$1.90",
      "originalPrice": "$2.50",
      "savings": "$0.60",
      "specialType": "SAVE $0.60",
      "unitPrice": "$1.90 per each"
    },
    {
      "productID": "COL105",
      "productName": "Coles Pikelets 8 Pack 200g",
      "category": "Bread & Bakery",
      "brand": "Coles",
      "description": "Pikelets 8 Pack 200g",
      "price": "$2.50",
      "originalPrice": null,
      "savings": null,
      "specialType": "EVERY DAY",
      "unitPrice": "$1.25 per 100g"
    },
    {
      "productID": "COL106",
      "productName": "Coles Bakery Cookies or Biscuits 12 Pack",
      "category": "Bread & Bakery",
      "brand": "Coles",
      "description": "Cookies or Biscuits 12 Pack",
      "price": "$3.50",
      "originalPrice": "$4.00",
      "savings": "$0.50",
      "specialType": "SAVE $0.50",
      "unitPrice": "$0.29 per each"
    },
    {
      "productID": "COL107",
      "productName": "Coles Banana Bread Slices 5 Pack 500g",
      "category": "Bread & Bakery",
      "brand": "Coles",
      "description": "Banana Bread Slices 5 Pack 500g",
      "price": "$5.75",
      "originalPrice": "$6.15",
      "savings": "$0.40",
      "specialType": "DOWN DOWN",
      "unitPrice": "$1.15 per 100g"
    },
    {
      "productID": "COL108",
      "productName": "Coles Bakery Cheesy Vegemite Scroll",
      "category": "Bread & Bakery",
      "brand": "Coles",
      "description": "Cheesy Vegemite Scroll",
      "price": "$2.75",
      "originalPrice": "$3.25",
      "savings": "$0.50",
      "specialType": "DOWN DOWN",
      "unitPrice": "$2.75 per each"
    },
    {
      "productID": "COL109",
      "productName": "Coles Bakery Tear & Share",
      "category": "Bread & Bakery",
      "brand": "Coles",
      "description": "Tear & Share",
      "price": "$4.00",
      "originalPrice": "$5.00",
      "savings": "$1.00",
      "specialType": "SAVE $1.00",
      "unitPrice": "$4.00 per each"
    },
    {
      "productID": "COL110",
      "productName": "Toscano Pizza Bases 2 Pack 300g",
      "category": "Frozen",
      "brand": "Toscano",
      "description": "Pizza Bases 2 Pack 300g",
      "price": "$6.30",
      "originalPrice": "$7.00",
      "savings": "$0.70",
      "specialType": "SAVE $0.70",
      "unitPrice": "$2.10 per 100g"
    },
    {
      "productID": "COL111",
      "productName": "Coles Easter Matcha & Raspberry or Sticky Date Inspired Hot Cross Buns 4 Pack 320g",
      "category": "Bread & Bakery",
      "brand": "Coles",
      "description": "Easter Matcha & Raspberry or Sticky Date Inspired Hot Cross Buns 4 Pack 320g",
      "price": "$5.50",
      "originalPrice": null,
      "savings": null,
      "specialType": "EVERY DAY",
      "unitPrice": "$1.38 per each"
    },
    {
      "productID": "COL112",
      "productName": "Don Honey Ham",
      "category": "Meat, Seafood & Deli",
      "brand": "Don",
      "description": "Honey Ham",
      "price": "$22.00",
      "originalPrice": "$28.00",
      "savings": "$6.00",
      "specialType": "SAVE $6.00 per kg",
      "unitPrice": "$2.20 per 100g"
    },
    {
      "productID": "COL113",
      "productName": "Coles Silverside",
      "category": "Meat, Seafood & Deli",
      "brand": "Coles",
      "description": "Silverside",
      "price": "$28.00",
      "originalPrice": null,
      "savings": null,
      "specialType": "EVERY DAY",
      "unitPrice": "$2.80 per 100g"
    },
    {
      "productID": "COL114",
      "productName": "Coles RSPCA Approved BBQ Chicken Breast",
      "category": "Meat, Seafood & Deli",
      "brand": "Coles",
      "description": "RSPCA Approved BBQ Chicken Breast",
      "price": "$28.50",
      "originalPrice": null,
      "savings": null,
      "specialType": "EVERY DAY",
      "unitPrice": "$2.85 per 100g"
    },
    {
      "productID": "COL115",
      "productName": "Ferrero Rocher or Raffaello Heart Gift Box 100g",
      "category": "Liquor",
      "brand": "Ferrero",
      "description": "Rocher or Raffaello Heart Gift Box 100g",
      "price": "$7.50",
      "originalPrice": "$15.00",
      "savings": "$7.50",
      "specialType": "SAVE $7.50",
      "unitPrice": "$7.50 per 100g"
    },
    {
      "productID": "COL116",
      "productName": "Maltesers 400g or Celebrations Gift Box 320g",
      "category": "Liquor",
      "brand": "Maltesers/Celebrations",
      "description": "Maltesers 400g or Celebrations Gift Box 320g",
      "price": "$7.75",
      "originalPrice": "$15.50",
      "savings": "$7.75",
      "specialType": "SAVE $7.75"
    },
    {
      "productID": "COL117",
      "productName": "Toblerone 340g-360g",
      "category": "Liquor",
      "brand": "Toblerone",
      "description": "Toblerone 340g-360g",
      "price": "$10.00",
      "originalPrice": "$20.00",
      "savings": "$10.00",
      "specialType": "SAVE $10.00"
    },
    {
      "productID": "COL118",
      "productName": "Lindt Lindor Milk Chocolate Heart Box 147g",
      "category": "Liquor",
      "brand": "Lindt",
      "description": "Lindor Milk Chocolate Heart Box 147g",
      "price": "$12.00",
      "originalPrice": "$24.00",
      "savings": "$12.00",
      "specialType": "SAVE $12.00",
      "unitPrice": "$8.16 per 100g"
    },
    {
      "productID": "COL119",
      "productName": "Lindt Lindor Gift Box 232g-235g",
      "category": "Liquor",
      "brand": "Lindt",
      "description": "Lindor Gift Box 232g-235g",
      "price": "$14.00",
      "originalPrice": "$28.00",
      "savings": "$14.00",
      "specialType": "SAVE $14.00"
    },
    {
      "productID": "COL120",
      "productName": "Ferrero Collection 24 Pack 269g or Rocher Gift Box 30 Pack 375g",
      "category": "Liquor",
      "brand": "Ferrero",
      "description": "Collection 24 Pack 269g or Rocher Gift Box 30 Pack 375g",
      "price": "$16.00",
      "originalPrice": "$32.00",
      "savings": "$16.00",
      "specialType": "SAVE $16.00"
    },
    {
      "productID": "COL121",
      "productName": "Cadbury Roses 380g",
      "category": "Liquor",
      "brand": "Cadbury",
      "description": "Roses 380g",
      "price": "$10.00",
      "originalPrice": "$20.00",
      "savings": "$10.00",
      "specialType": "SAVE $10.00",
      "unitPrice": "$2.63 per 100g"
    },
    {
      "productID": "COL122",
      "productName": "Cadbury Favourites 470g",
      "category": "Liquor",
      "brand": "Cadbury",
      "description": "Favourites 470g",
      "price": "$12.00",
      "originalPrice": "$24.00",
      "savings": "$12.00",
      "specialType": "SAVE $12.00",
      "unitPrice": "$2.55 per 100g"
    },
    {
      "productID": "COL123",
      "productName": "Metallic Heart Garland 180cm",
      "category": "Stationery & Media",
      "brand": "Coles",
      "description": "Metallic Heart Garland 180cm",
      "price": "$6.00",
      "originalPrice": null,
      "savings": null,
      "specialType": "EVERY DAY"
    },
    {
      "productID": "COL124",
      "productName": "Bear With Heart and Patch",
      "category": "Stationery & Media",
      "brand": "Coles",
      "description": "Bear With Heart and Patch",
      "price": "$20.00",
      "originalPrice": null,
      "savings": null,
      "specialType": "EVERY DAY"
    },
    {
      "productID": "COL125",
      "productName": "Love Animals Plush",
      "category": "Stationery & Media",
      "brand": "Coles",
      "description": "Love Animals Plush",
      "price": "$14.00",
      "originalPrice": null,
      "savings": null,
      "specialType": "EVERY DAY"
    },
    {
      "productID": "COL126",
      "productName": "Plush Bear Angel",
      "category": "Stationery & Media",
      "brand": "Coles",
      "description": "Plush Bear Angel",
      "price": "$20.00",
      "originalPrice": null,
      "savings": null,
      "specialType": "EVERY DAY"
    },
    {
      "productID": "COL127",
      "productName": "Valentine's Bear With Candy Heart",
      "category": "Stationery & Media",
      "brand": "Coles",
      "description": "Valentine's Bear With Candy Heart",
      "price": "$14.00",
      "originalPrice": null,
      "savings": null,
      "specialType": "EVERY DAY"
    },
    {
      "productID": "COL128",
      "productName": "Date Box",
      "category": "Stationery & Media",
      "brand": "Coles",
      "description": "Date Box",
      "price": "$12.00",
      "originalPrice": null,
      "savings": null,
      "specialType": "EVERY DAY"
    },
    {
      "productID": "COL129",
      "productName": "Hallmark $6 Valentine's Day Card 1 Each",
      "category": "Stationery & Media",
      "brand": "Hallmark",
      "description": "Valentine's Day Card 1 Each",
      "price": "$6.00",
      "originalPrice": null,
      "savings": null,
      "specialType": "EVERY DAY"
    },
    {
      "productID": "COL130",
      "productName": "Adorable Foods Plush",
      "category": "Stationery & Media",
      "brand": "Coles",
      "description": "Adorable Foods Plush",
      "price": "$12.00",
      "originalPrice": null,
      "savings": null,
      "specialType": "EVERY DAY"
    },
    {
      "productID": "COL131",
      "productName": "Valentine's Day Rose In Pot Plush",
      "category": "Stationery & Media",
      "brand": "Coles",
      "description": "Valentine's Day Rose In Pot Plush",
      "price": "$10.00",
      "originalPrice": null,
      "savings": null,
      "specialType": "EVERY DAY"
    },
    {
      "productID": "COL132",
      "productName": "Paint Your Partner",
      "category": "Stationery & Media",
      "brand": "Coles",
      "description": "Paint Your Partner",
      "price": "$20.00",
      "originalPrice": null,
      "savings": null,
      "specialType": "EVERY DAY"
    },
    {
      "productID": "COL133",
      "productName": "Dog Toy",
      "category": "Pet",
      "brand": "Coles",
      "description": "Dog Toy",
      "price": "$8.00",
      "originalPrice": null,
      "savings": null,
      "specialType": "EVERY DAY"
    },
    {
      "productID": "COL134",
      "productName": "Licensed Mug With Gold Heart Handle",
      "category": "Stationery & Media",
      "brand": "Coles",
      "description": "Licensed Mug With Gold Heart Handle",
      "price": "$10.00",
      "originalPrice": null,
      "savings": null,
      "specialType": "EVERY DAY"
    },
    {
      "productID": "COL135",
      "productName": "Barilla Pasta Love 400g",
      "category": "Pantry",
      "brand": "Barilla",
      "description": "Pasta Love 400g",
      "price": "$3.90",
      "originalPrice": "$4.90",
      "savings": "$1.00",
      "specialType": "SAVE $1.00",
      "unitPrice": "$0.98 per 100g"
    },
    {
      "productID": "COL136",
      "productName": "Coles Australian Loose White Seedless Grapes",
      "category": "Fruit & Vegetables",
      "brand": "Coles",
      "description": "Australian Loose White Seedless Grapes",
      "price": "$4.50",
      "originalPrice": null,
      "savings": null,
      "specialType": "EVERY DAY",
      "unitPrice": "$4.50 per kg"
    },
    {
      "productID": "COL137",
      "productName": "Australian Black or Red Plums",
      "category": "Fruit & Vegetables",
      "brand": "Coles",
      "description": "Australian Black or Red Plums",
      "price": "$4.50",
      "originalPrice": null,
      "savings": null,
      "specialType": "EVERY DAY",
      "unitPrice": "$4.50 per kg"
    },
    {
      "productID": "COL138",
      "productName": "Australian Rockmelon",
      "category": "Fruit & Vegetables",
      "brand": "Coles",
      "description": "Australian Rockmelon",
      "price": "$3.50",
      "originalPrice": null,
      "savings": null,
      "specialType": "EVERY DAY",
      "unitPrice": "$3.50 per each"
    },
    {
      "productID": "COL139",
      "productName": "Coles Australian Baby Cucumbers 250g Pack",
      "category": "Fruit & Vegetables",
      "brand": "Coles",
      "description": "Australian Baby Cucumbers 250g Pack",
      "price": "$3.00",
      "originalPrice": null,
      "savings": null,
      "specialType": "2 for $6.00",
      "unitPrice": "$12.00 per kg"
    },
    {
      "productID": "COL140",
      "productName": "Coles Kitchen Caesar Salad Bowl 200g or Asian Style Salad Bowl 230g",
      "category": "Dairy, Eggs & Meals",
      "brand": "Coles",
      "description": "Caesar Salad Bowl 200g or Asian Style Salad Bowl 230g",
      "price": "$5.00",
      "originalPrice": null,
      "savings": "$2.00",
      "specialType": "2 for $10.00"
    },
    {
      "productID": "COL141",
      "productName": "Coles Kitchen Family Ranch Salad Kit 400g or Green Goddess Salad Kit 350g",
      "category": "Dairy, Eggs & Meals",
      "brand": "Coles",
      "description": "Family Ranch Salad Kit 400g or Green Goddess Salad Kit 350g",
      "price": "$4.50",
      "originalPrice": null,
      "savings": "$2.00",
      "specialType": "2 for $9.00"
    },
    {
      "productID": "COL142",
      "productName": "Coles Dry Roasted, Honey, Natural or Roasted & Salted Cashews 400g Pack",
      "category": "Snacks",
      "brand": "Coles",
      "description": "Dry Roasted, Honey, Natural or Roasted & Salted Cashews 400g Pack",
      "price": "$9.00",
      "originalPrice": "$10.00",
      "savings": "$1.00",
      "specialType": "DOWN DOWN",
      "unitPrice": "$22.50 per kg"
    },
    {
      "productID": "COL143",
      "productName": "Coles Hot Honey Cashews 400g",
      "category": "Snacks",
      "brand": "Coles",
      "description": "Hot Honey Cashews 400g",
      "price": "$10.00",
      "originalPrice": null,
      "savings": null,
      "specialType": "EVERY DAY",
      "unitPrice": "$25.00 per kg"
    },
    {
      "productID": "COL144",
      "productName": "Coles Australian Washed White Potatoes 2kg Bag",
      "category": "Fruit & Vegetables",
      "brand": "Coles",
      "description": "Australian Washed White Potatoes 2kg Bag",
      "price": "$6.00",
      "originalPrice": null,
      "savings": null,
      "specialType": "EVERY DAY",
      "unitPrice": "$3.00 per kg"
    },
    {
      "productID": "COL145",
      "productName": "Coles Made Easy Slow Cooked Honey Soy Wings Nibbles 700g",
      "category": "Meat, Seafood & Deli",
      "brand": "Coles",
      "description": "Slow Cooked Honey Soy Wings Nibbles 700g",
      "price": "$9.50",
      "originalPrice": "$12.00",
      "savings": "$2.50",
      "specialType": "SAVE $2.50",
      "unitPrice": "$13.57 per kg"
    },
    {
      "productID": "COL146",
      "productName": "Coles Made Easy Family Classic Slow Cooked Pork & Beef Meatballs 800g",
      "category": "Meat, Seafood & Deli",
      "brand": "Coles",
      "description": "Family Classic Slow Cooked Pork & Beef Meatballs 800g",
      "price": "$10.00",
      "originalPrice": "$13.00",
      "savings": "$3.00",
      "specialType": "SAVE $3.00",
      "unitPrice": "$12.50 per kg"
    },
    {
      "productID": "COL147",
      "productName": "Coles Made Easy Slow Cooked Pork Ribs in BBQ Sauce 650g",
      "category": "Meat, Seafood & Deli",
      "brand": "Coles",
      "description": "Slow Cooked Pork Ribs in BBQ Sauce 650g",
      "price": "$11.50",
      "originalPrice": "$14.50",
      "savings": "$3.00",
      "specialType": "SAVE $3.00",
      "unitPrice": "$17.69 per kg"
    },
    {
      "productID": "COL148",
      "productName": "Coles Made Easy Slow Cooked Honey BBQ Beef Bites 500g",
      "category": "Meat, Seafood & Deli",
      "brand": "Coles",
      "description": "Slow Cooked Honey BBQ Beef Bites 500g",
      "price": "$11.50",
      "originalPrice": "$15.00",
      "savings": "$3.50",
      "specialType": "SAVE $3.50",
      "unitPrice": "$23.00 per kg"
    },
    {
      "productID": "COL149",
      "productName": "Coles Made Easy Slow Cooked Lamb Shoulder Meal Kit Greek Style 725g",
      "category": "Meat, Seafood & Deli",
      "brand": "Coles",
      "description": "Slow Cooked Lamb Shoulder Meal Kit Greek Style 725g",
      "price": "$12.50",
      "originalPrice": "$16.00",
      "savings": "$3.50",
      "specialType": "SAVE $3.50",
      "unitPrice": "$17.24 per kg"
    },
    {
      "productID": "COL150",
      "productName": "Coles Australian No Added Hormones 3 Star Beef Mince Regular 500g, Coles Finest Sausages 450g-500g, Coles Australian Lamb Leg Steak 270g or Coles RSPCA Approved Chicken Breast Diced 500g",
      "category": "Meat, Seafood & Deli",
      "brand": "Coles",
      "description": "Beef Mince 500g, Sausages 450g-500g, Lamb Leg Steak 270g or Chicken Breast Diced 500g",
      "price": "$7.50",
      "originalPrice": null,
      "savings": "$1.00",
      "specialType": "Any 2 for $15.00"
    },
    {
      "productID": "COL151",
      "productName": "Coles Australian No Added Hormones Beef Stir Fry 500g",
      "category": "Meat, Seafood & Deli",
      "brand": "Coles",
      "description": "Beef Stir Fry 500g",
      "price": "$10.50",
      "originalPrice": "$12.00",
      "savings": "$1.50",
      "specialType": "SAVE $1.50",
      "unitPrice": "$21.00 per kg"
    },
    {
      "productID": "COL152",
      "productName": "Coles Australian No Added Hormones Beef Rump Steak",
      "category": "Meat, Seafood & Deli",
      "brand": "Coles",
      "description": "Beef Rump Steak",
      "price": "$24.00",
      "originalPrice": "$29.00",
      "savings": "$5.00",
      "specialType": "SAVE $5.00 per kg",
      "unitPrice": "$24.00 per kg"
    },
    {
      "productID": "COL153",
      "productName": "Coles Australian Lamb Forequarter Chops",
      "category": "Meat, Seafood & Deli",
      "brand": "Coles",
      "description": "Lamb Forequarter Chops",
      "price": "$19.00",
      "originalPrice": "$23.00",
      "savings": "$4.00",
      "specialType": "SAVE $4.00 per kg",
      "unitPrice": "$19.00 per kg"
    },
    {
      "productID": "COL154",
      "productName": "Coles Australian Pork & Beef Bolognese Mince 500g",
      "category": "Meat, Seafood & Deli",
      "brand": "Coles",
      "description": "Pork & Beef Bolognese Mince 500g",
      "price": "$5.00",
      "originalPrice": "$6.50",
      "savings": "$1.50",
      "specialType": "SAVE $1.50",
      "unitPrice": "$10.00 per kg"
    },
    {
      "productID": "COL155",
      "productName": "Don Deli Ham",
      "category": "Meat, Seafood & Deli",
      "brand": "Don",
      "description": "Deli Ham",
      "price": "$19.90",
      "originalPrice": null,
      "savings": null,
      "specialType": "EVERY DAY",
      "unitPrice": "$1.99 per 100g"
    },
    {
      "productID": "COL156",
      "productName": "Primo Cabanossi",
      "category": "Meat, Seafood & Deli",
      "brand": "Primo",
      "description": "Cabanossi",
      "price": "$2.50",
      "originalPrice": "$3.00",
      "savings": "$0.50",
      "specialType": "SAVE $0.50",
      "unitPrice": "$2.50 per each"
    },
    {
      "productID": "COL157",
      "productName": "Hans Twiggy Sticks 500g",
      "category": "Meat, Seafood & Deli",
      "brand": "Hans",
      "description": "Twiggy Sticks 500g",
      "price": "$11.00",
      "originalPrice": "$16.00",
      "savings": "$5.00",
      "specialType": "DOWN DOWN",
      "unitPrice": "$22.00 per kg"
    },
    {
      "productID": "COL158",
      "productName": "Primo Sliced Meat 80g-100g",
      "category": "Meat, Seafood & Deli",
      "brand": "Primo",
      "description": "Sliced Meat 80g-100g",
      "price": "$3.35",
      "originalPrice": null,
      "savings": "$1.20",
      "specialType": "2 for $6.70"
    },
    {
      "productID": "COL159",
      "productName": "Primo Middle Bacon",
      "category": "Meat, Seafood & Deli",
      "brand": "Primo",
      "description": "Middle Bacon",
      "price": "$13.00",
      "originalPrice": "$19.00",
      "savings": "$6.00",
      "specialType": "SAVE $6.00 per kg",
      "unitPrice": "$1.30 per 100g"
    },
    {
      "productID": "COL160",
      "productName": "Karumba Australian MSC Certified Thawed Raw Banana Prawns",
      "category": "Meat, Seafood & Deli",
      "brand": "Karumba",
      "description": "MSC Certified Thawed Raw Banana Prawns",
      "price": "$17.00",
      "originalPrice": "$22.00",
      "savings": "$5.00",
      "specialType": "SAVE $5.00 per kg",
      "unitPrice": "$17.00 per kg"
    },
    {
      "productID": "COL161",
      "productName": "Coles Tasmanian Fresh Salmon Portions Skin Off",
      "category": "Meat, Seafood & Deli",
      "brand": "Coles",
      "description": "Tasmanian Fresh Salmon Portions Skin Off",
      "price": "$36.00",
      "originalPrice": "$42.00",
      "savings": "$6.00",
      "specialType": "SAVE $6.00 per kg",
      "unitPrice": "$36.00 per kg"
    },
    {
      "productID": "COL162",
      "productName": "Coles Classic Homestyle No Added Hormones Hot Roast Beef",
      "category": "Meat, Seafood & Deli",
      "brand": "Coles",
      "description": "Classic Homestyle No Added Hormones Hot Roast Beef",
      "price": "$16.50",
      "originalPrice": null,
      "savings": null,
      "specialType": "EVERY DAY",
      "unitPrice": "$16.50 per each"
    },
    {
      "productID": "COL163",
      "productName": "Coles Peri Peri Hot Roast RSPCA Approved Chicken",
      "category": "Meat, Seafood & Deli",
      "brand": "Coles",
      "description": "Peri Peri Hot Roast RSPCA Approved Chicken",
      "price": "$13.50",
      "originalPrice": null,
      "savings": null,
      "specialType": "EVERY DAY",
      "unitPrice": "$13.50 per each"
    },
    {
      "productID": "COL164",
      "productName": "Coles Asia Crispy Noodle Bites 70g",
      "category": "Frozen",
      "brand": "Coles",
      "description": "Asia Crispy Noodle Bites 70g",
      "price": "$3.00",
      "originalPrice": "$4.00",
      "savings": "$1.00",
      "specialType": "DOWN DOWN",
      "unitPrice": "$4.29 per 100g"
    },
    {
      "productID": "COL165",
      "productName": "Maesri Curry Paste 225g",
      "category": "Pantry",
      "brand": "Maesri",
      "description": "Curry Paste 225g",
      "price": "$3.20",
      "originalPrice": "$4.00",
      "savings": "$0.80",
      "specialType": "SAVE $0.80",
      "unitPrice": "$1.42 per 100g"
    },
    {
      "productID": "COL166",
      "productName": "Obap Roasted Seasoned Seaweed 8 Pack 40g",
      "category": "Pantry",
      "brand": "Obap",
      "description": "Roasted Seasoned Seaweed 8 Pack 40g",
      "price": "$4.35",
      "originalPrice": "$5.45",
      "savings": "$1.10",
      "specialType": "DOWN DOWN",
      "unitPrice": "$10.88 per 100g"
    },
    {
      "productID": "COL167",
      "productName": "The Spice Tailor Asian or Indian Kit 225g-300g",
      "category": "Pantry",
      "brand": "The Spice Tailor",
      "description": "Asian or Indian Kit 225g-300g",
      "price": "$4.95",
      "originalPrice": "$6.70",
      "savings": "$1.75",
      "specialType": "SAVE $1.75"
    },
    {
      "productID": "COL168",
      "productName": "Nongshim Ramyun Noodles 5 Pack 600g",
      "category": "Pantry",
      "brand": "Nongshim",
      "description": "Ramyun Noodles 5 Pack 600g",
      "price": "$5.00",
      "originalPrice": "$8.00",
      "savings": "$3.00",
      "specialType": "SAVE $3.00",
      "unitPrice": "$0.83 per 100g"
    },
    {
      "productID": "COL169",
      "productName": "Kewpie Mayonnaise 500g",
      "category": "Pantry",
      "brand": "Kewpie",
      "description": "Mayonnaise 500g",
      "price": "$6.00",
      "originalPrice": "$8.00",
      "savings": "$2.00",
      "specialType": "SAVE $2.00",
      "unitPrice": "$1.20 per 100g"
    },
    {
      "productID": "COL170",
      "productName": "Lee Kum Kee Ready Sauce 100g-145g",
      "category": "Pantry",
      "brand": "Lee Kum Kee",
      "description": "Ready Sauce 100g-145g",
      "price": "$2.00",
      "originalPrice": null,
      "savings": "$2.10",
      "specialType": "3 for $6.00"
    },
    {
      "productID": "COL171",
      "productName": "Samyang Buldak Instant Noodles 5 Pack 650g-700g",
      "category": "Pantry",
      "brand": "Samyang",
      "description": "Buldak Instant Noodles 5 Pack 650g-700g",
      "price": "$9.95",
      "originalPrice": "$12.50",
      "savings": "$2.55",
      "specialType": "SAVE $2.55"
    },
    {
      "productID": "COL172",
      "productName": "Gold Sunset Sunflower Oil 4 Litre",
      "category": "Pantry",
      "brand": "Gold Sunset",
      "description": "Sunflower Oil 4 Litre",
      "price": "$15.00",
      "originalPrice": "$30.00",
      "savings": "$15.00",
      "specialType": "SAVE $15.00",
      "unitPrice": "$0.38 per 100mL"
    },
    {
      "productID": "COL173",
      "productName": "Hong Kong Dim Sim Kitchen Pork & Chive Dumplings or BBQ Pork Buns 300g",
      "category": "Frozen",
      "brand": "Hong Kong Dim Sim Kitchen",
      "description": "Pork & Chive Dumplings or BBQ Pork Buns 300g",
      "price": "$4.25",
      "originalPrice": "$8.50",
      "savings": "$4.25",
      "specialType": "SAVE $4.25",
      "unitPrice": "$1.42 per 100g"
    },
    {
      "productID": "COL174",
      "productName": "Chan's Yum Cha at Home Premium Dim Sum Selection 460g",
      "category": "Frozen",
      "brand": "Chan's",
      "description": "Premium Dim Sum Selection 460g",
      "price": "$9.00",
      "originalPrice": "$12.00",
      "savings": "$3.00",
      "specialType": "SAVE $3.00",
      "unitPrice": "$1.96 per 100g"
    },
    {
      "productID": "COL175",
      "productName": "Seng Hork Prawn & Pork Dumplings 500g",
      "category": "Frozen",
      "brand": "Seng Hork",
      "description": "Prawn & Pork Dumplings 500g",
      "price": "$7.20",
      "originalPrice": "$8.00",
      "savings": "$0.80",
      "specialType": "DOWN DOWN",
      "unitPrice": "$1.44 per 100g"
    },
    {
      "productID": "COL176",
      "productName": "Poulings Sliced Beef 290g",
      "category": "Meat, Seafood & Deli",
      "brand": "Poulings",
      "description": "Sliced Beef 290g",
      "price": "$7.50",
      "originalPrice": null,
      "savings": null,
      "specialType": "EVERY DAY",
      "unitPrice": "$25.86 per kg"
    },
    {
      "productID": "COL177",
      "productName": "KB's Gyoza 750g",
      "category": "Frozen",
      "brand": "KB's",
      "description": "Gyoza 750g",
      "price": "$12.60",
      "originalPrice": "$18.00",
      "savings": "$5.40",
      "specialType": "SAVE $5.40",
      "unitPrice": "$1.68 per 100g"
    },
    {
      "productID": "COL178",
      "productName": "Luv a Duck Frozen Whole Duck 1.9kg",
      "category": "Frozen",
      "brand": "Luv a Duck",
      "description": "Frozen Whole Duck 1.9kg",
      "price": "$19.50",
      "originalPrice": "$25.50",
      "savings": "$6.00",
      "specialType": "DOWN DOWN",
      "unitPrice": "$10.26 per kg"
    },
    {
      "productID": "COL179",
      "productName": "Haribo Lollies 140g-150g",
      "category": "Pantry",
      "brand": "Haribo",
      "description": "Lollies 140g-150g",
      "price": "$2.00",
      "originalPrice": "$4.00",
      "savings": "$2.00",
      "specialType": "SAVE $2.00"
    },
    {
      "productID": "COL180",
      "productName": "Reese's Miniature Bites 120g-150g",
      "category": "Pantry",
      "brand": "Reese's",
      "description": "Miniature Bites 120g-150g",
      "price": "$3.00",
      "originalPrice": "$6.00",
      "savings": "$3.00",
      "specialType": "SAVE $3.00"
    },
    {
      "productID": "COL181",
      "productName": "Cottee's Cordial 1 Litre",
      "category": "Drinks",
      "brand": "Cottee's",
      "description": "Cordial 1 Litre",
      "price": "$2.75",
      "originalPrice": "$5.50",
      "savings": "$2.75",
      "specialType": "SAVE $2.75",
      "unitPrice": "$2.75 per litre"
    },
    {
      "productID": "COL182",
      "productName": "Lipton Ice Tea 1.5 Litre",
      "category": "Drinks",
      "brand": "Lipton",
      "description": "Ice Tea 1.5 Litre",
      "price": "$2.75",
      "originalPrice": "$5.50",
      "savings": "$2.75",
      "specialType": "SAVE $2.75",
      "unitPrice": "$1.83 per litre"
    },
    {
      "productID": "COL183",
      "productName": "Darrell Lea Rocklea Road 290g",
      "category": "Pantry",
      "brand": "Darrell Lea",
      "description": "Rocklea Road 290g",
      "price": "$9.00",
      "originalPrice": "$18.00",
      "savings": "$9.00",
      "specialType": "SAVE $9.00",
      "unitPrice": "$3.10 per 100g"
    },
    {
      "productID": "COL184",
      "productName": "V8 Juice 1.25 Litre",
      "category": "Drinks",
      "brand": "V8",
      "description": "Juice 1.25 Litre",
      "price": "$3.85",
      "originalPrice": "$5.50",
      "savings": "$1.65",
      "specialType": "SAVE $1.65",
      "unitPrice": "$3.08 per litre"
    },
    {
      "productID": "COL185",
      "productName": "M&M's, Maltesers or Pods 120g-180g",
      "category": "Pantry",
      "brand": "Mars",
      "description": "M&M's, Maltesers or Pods 120g-180g",
      "price": "$4.90",
      "originalPrice": "$7.00",
      "savings": "$2.10",
      "specialType": "SAVE $2.10"
    },
    {
      "productID": "COL186",
      "productName": "Fever Tree Lime & Yuzu Soda or Ginger Beer 4x250mL",
      "category": "Drinks",
      "brand": "Fever Tree",
      "description": "Lime & Yuzu Soda or Ginger Beer 4x250mL",
      "price": "$6.95",
      "originalPrice": "$9.95",
      "savings": "$3.00",
      "specialType": "SAVE $3.00",
      "unitPrice": "$6.95 per litre"
    },
    {
      "productID": "COL187",
      "productName": "Frantelle Spring Water 24x600mL",
      "category": "Drinks",
      "brand": "Frantelle",
      "description": "Spring Water 24x600mL",
      "price": "$12.00",
      "originalPrice": null,
      "savings": null,
      "specialType": "EVERY DAY",
      "unitPrice": "$0.83 per litre"
    },
    {
      "productID": "COL188",
      "productName": "Pepsi, Solo or Mountain Dew Soft Drink 1.25 Litre",
      "category": "Drinks",
      "brand": "Pepsi/Solo/Mountain Dew",
      "description": "Soft Drink 1.25 Litre",
      "price": "$2.00",
      "originalPrice": "$3.50",
      "savings": "$1.50",
      "specialType": "SAVE $1.50",
      "unitPrice": "$1.60 per litre"
    },
    {
      "productID": "COL189",
      "productName": "Allen's Lollies 140g-200g",
      "category": "Pantry",
      "brand": "Allen's",
      "description": "Lollies 140g-200g",
      "price": "$3.00",
      "originalPrice": "$5.00",
      "savings": "$2.00",
      "specialType": "SAVE $2.00"
    },
    {
      "productID": "COL190",
      "productName": "Cadbury Old Gold or Velvet Block Chocolate 150g-180g",
      "category": "Pantry",
      "brand": "Cadbury",
      "description": "Old Gold or Velvet Block Chocolate 150g-180g",
      "price": "$4.50",
      "originalPrice": "$8.00",
      "savings": "$3.50",
      "specialType": "SAVE $3.50"
    },
    {
      "productID": "COL191",
      "productName": "Arnott's Tim Tam Deluxe Biscuits 170g",
      "category": "Pantry",
      "brand": "Arnott's",
      "description": "Tim Tam Deluxe Biscuits 170g",
      "price": "$3.90",
      "originalPrice": "$6.50",
      "savings": "$2.60",
      "specialType": "SAVE $2.60",
      "unitPrice": "$2.23 per 100g"
    },
    {
      "productID": "COL192",
      "productName": "Remedy Kombucha 1.25 Litre",
      "category": "Drinks",
      "brand": "Remedy",
      "description": "Kombucha 1.25 Litre",
      "price": "$5.25",
      "originalPrice": "$8.95",
      "savings": "$3.70",
      "specialType": "SAVE $3.70",
      "unitPrice": "$4.20 per litre"
    },
    {
      "productID": "COL193",
      "productName": "Mt Franklin Lightly Sparkling Water 6x250mL",
      "category": "Drinks",
      "brand": "Mt Franklin",
      "description": "Lightly Sparkling Water 6x250mL",
      "price": "$6.00",
      "originalPrice": "$10.00",
      "savings": "$4.00",
      "specialType": "SAVE $4.00",
      "unitPrice": "$4.00 per litre"
    },
    {
      "productID": "COL194",
      "productName": "Coca-Cola, Fanta or Sprite Soft Drink 6x250mL",
      "category": "Drinks",
      "brand": "Coca-Cola",
      "description": "Soft Drink 6x250mL",
      "price": "$6.00",
      "originalPrice": "$10.00",
      "savings": "$4.00",
      "specialType": "SAVE $4.00",
      "unitPrice": "$4.00 per litre"
    },
    {
      "productID": "COL195",
      "productName": "Fanta or Sprite Soft Drink 18x375mL",
      "category": "Drinks",
      "brand": "Coca-Cola",
      "description": "Soft Drink 18x375mL",
      "price": "$19.80",
      "originalPrice": "$33.00",
      "savings": "$13.20",
      "specialType": "SAVE $13.20",
      "unitPrice": "$2.93 per litre"
    },
    {
      "productID": "COL196",
      "productName": "La Española Olive Oil 1 Litre",
      "category": "Pantry",
      "brand": "La Española",
      "description": "Olive Oil 1 Litre",
      "price": "$16.00",
      "originalPrice": "$26.00",
      "savings": "$10.00",
      "specialType": "SAVE $10.00",
      "unitPrice": "$1.60 per 100mL"
    },
    {
      "productID": "COL197",
      "productName": "Carmelina Beans 400g",
      "category": "Pantry",
      "brand": "Carmelina",
      "description": "Beans 400g",
      "price": "$1.50",
      "originalPrice": "$1.90",
      "savings": "$0.40",
      "specialType": "SAVE $0.40",
      "unitPrice": "$3.75 per kg"
    },
    {
      "productID": "COL198",
      "productName": "MasterFoods Squeeze Tomato or Barbecue Sauce 475mL-500mL",
      "category": "Pantry",
      "brand": "MasterFoods",
      "description": "Squeeze Tomato or Barbecue Sauce 475mL-500mL",
      "price": "$2.80",
      "originalPrice": "$4.20",
      "savings": "$1.40",
      "specialType": "SAVE $1.40"
    },
    {
      "productID": "COL199",
      "productName": "Campbell's Country Ladle or Chunky Soup 495g-505g",
      "category": "Pantry",
      "brand": "Campbell's",
      "description": "Country Ladle or Chunky Soup 495g-505g",
      "price": "$3.50",
      "originalPrice": "$4.50",
      "savings": "$1.00",
      "specialType": "SAVE $1.00"
    },
    {
      "productID": "COL200",
      "productName": "Betty Crocker Choc Chunk Cookie Mix 485g or Triple Choc Fudge Brownie Mix 500g",
      "category": "Pantry",
      "brand": "Betty Crocker",
      "description": "Choc Chunk Cookie Mix 485g or Triple Choc Fudge Brownie Mix 500g",
      "price": "$4.00",
      "originalPrice": "$7.00",
      "savings": "$3.00",
      "specialType": "SAVE $3.00"
    },
    {
      "productID": "COL201",
      "productName": "Cadbury Baking Chocolate Chips, Melts or Blocks 180g-225g",
      "category": "Pantry",
      "brand": "Cadbury",
      "description": "Baking Chocolate Chips, Melts or Blocks 180g-225g",
      "price": "$6.00",
      "originalPrice": "$7.50",
      "savings": "$1.50",
      "specialType": "SAVE $1.50"
    },
    {
      "productID": "COL202",
      "productName": "Moro Olive Oil 4 Litre",
      "category": "Pantry",
      "brand": "Moro",
      "description": "Olive Oil 4 Litre",
      "price": "$45.00",
      "originalPrice": "$65.00",
      "savings": "$20.00",
      "specialType": "SAVE $20.00",
      "unitPrice": "$1.13 per 100mL"
    },
    {
      "productID": "COL203",
      "productName": "Health Lab Protein Ball 40g",
      "category": "Pantry",
      "brand": "Health Lab",
      "description": "Protein Ball 40g",
      "price": "$2.00",
      "originalPrice": "$3.50",
      "savings": "$1.50",
      "specialType": "SAVE $1.50",
      "unitPrice": "$5.00 per 100g"
    },
    {
      "productID": "COL204",
      "productName": "Pic's Peanut Butter 380g",
      "category": "Pantry",
      "brand": "Pic's",
      "description": "Peanut Butter 380g",
      "price": "$4.50",
      "originalPrice": "$7.50",
      "savings": "$3.00",
      "specialType": "SAVE $3.00",
      "unitPrice": "$1.18 per 100g"
    },
    {
      "productID": "COL205",
      "productName": "Vittoria Freeze Dried Instant Coffee 400g",
      "category": "Pantry",
      "brand": "Vittoria",
      "description": "Freeze Dried Instant Coffee 400g",
      "price": "$23.00",
      "originalPrice": "$39.00",
      "savings": "$16.00",
      "specialType": "SAVE $16.00",
      "unitPrice": "$5.75 per 100g"
    },
    {
      "productID": "COL206",
      "productName": "Vitasoy Oat Milky 1 Litre",
      "category": "Dairy, Eggs & Meals",
      "brand": "Vitasoy",
      "description": "Oat Milky 1 Litre",
      "price": "$2.20",
      "originalPrice": "$3.00",
      "savings": "$0.80",
      "specialType": "SAVE $0.80",
      "unitPrice": "$2.20 per litre"
    },
    {
      "productID": "COL207",
      "productName": "Sanitarium So Good Barista Milk 1 Litre",
      "category": "Dairy, Eggs & Meals",
      "brand": "Sanitarium",
      "description": "So Good Barista Milk 1 Litre",
      "price": "$3.00",
      "originalPrice": "$4.00",
      "savings": "$1.00",
      "specialType": "SAVE $1.00",
      "unitPrice": "$3.00 per litre"
    },
    {
      "productID": "COL208",
      "productName": "Grenade High Protein Bar 60g",
      "category": "Pantry",
      "brand": "Grenade",
      "description": "High Protein Bar 60g",
      "price": "$3.50",
      "originalPrice": "$5.00",
      "savings": "$1.50",
      "specialType": "SAVE $1.50",
      "unitPrice": "$5.83 per 100g"
    },
    {
      "productID": "COL209",
      "productName": "Devondale Long Life Milk 6x200mL",
      "category": "Dairy, Eggs & Meals",
      "brand": "Devondale",
      "description": "Long Life Milk 6x200mL",
      "price": "$5.40",
      "originalPrice": "$6.00",
      "savings": "$0.60",
      "specialType": "DOWN DOWN",
      "unitPrice": "$4.50 per litre"
    },
    {
      "productID": "COL210",
      "productName": "Cracker Barrel Cheese Block 500g",
      "category": "Dairy, Eggs & Meals",
      "brand": "Cracker Barrel",
      "description": "Cheese Block 500g",
      "price": "$11.00",
      "originalPrice": "$13.80",
      "savings": "$2.80",
      "specialType": "DOWN DOWN",
      "unitPrice": "$22.00 per kg"
    },
    {
      "productID": "COL211",
      "productName": "Devondale Butter 250g",
      "category": "Dairy, Eggs & Meals",
      "brand": "Devondale",
      "description": "Butter 250g",
      "price": "$4.70",
      "originalPrice": "$5.30",
      "savings": "$0.60",
      "specialType": "DOWN DOWN",
      "unitPrice": "$1.88 per 100g"
    },
    {
      "productID": "COL212",
      "productName": "Obela Garnished Hommus Dip 220g or Red Rock Deli Dip 130g-135g",
      "category": "Dairy, Eggs & Meals",
      "brand": "Obela/Red Rock Deli",
      "description": "Garnished Hommus Dip 220g or Dip 130g-135g",
      "price": "$4.00",
      "originalPrice": "$5.00",
      "savings": "$1.00",
      "specialType": "SAVE $1.00"
    },
    {
      "productID": "COL213",
      "productName": "Black Swan Favourites Dip 180g-200g",
      "category": "Dairy, Eggs & Meals",
      "brand": "Black Swan",
      "description": "Favourites Dip 180g-200g",
      "price": "$3.50",
      "originalPrice": null,
      "savings": "$2.00",
      "specialType": "2 for $7.00"
    },
    {
      "productID": "COL214",
      "productName": "Mersey Valley Cheese 235g",
      "category": "Dairy, Eggs & Meals",
      "brand": "Mersey Valley",
      "description": "Cheese 235g",
      "price": "$6.90",
      "originalPrice": "$9.90",
      "savings": "$3.00",
      "specialType": "SAVE $3.00",
      "unitPrice": "$29.36 per kg"
    },
    {
      "productID": "COL215",
      "productName": "Castello Half Moon Cheese 150g",
      "category": "Dairy, Eggs & Meals",
      "brand": "Castello",
      "description": "Half Moon Cheese 150g",
      "price": "$7.20",
      "originalPrice": "$8.50",
      "savings": "$1.30",
      "specialType": "SAVE $1.30",
      "unitPrice": "$48.00 per kg"
    },
    {
      "productID": "COL216",
      "productName": "Tassal Smoked Salmon 250g",
      "category": "Meat, Seafood & Deli",
      "brand": "Tassal",
      "description": "Smoked Salmon 250g",
      "price": "$16.00",
      "originalPrice": "$21.00",
      "savings": "$5.00",
      "specialType": "SAVE $5.00",
      "unitPrice": "$64.00 per kg"
    },
    {
      "productID": "COL217",
      "productName": "Coles Shredded or Greek Inspired Roast Chicken Breast 150g",
      "category": "Meat, Seafood & Deli",
      "brand": "Coles",
      "description": "Shredded or Greek Inspired Roast Chicken Breast 150g",
      "price": "$6.00",
      "originalPrice": null,
      "savings": null,
      "specialType": "EVERY DAY",
      "unitPrice": "$40.00 per kg"
    },
    {
      "productID": "COL218",
      "productName": "Coles Kitchen Pizza 395g-420g",
      "category": "Frozen",
      "brand": "Coles",
      "description": "Pizza 395g-420g",
      "price": "$7.00",
      "originalPrice": null,
      "savings": null,
      "specialType": "EVERY DAY"
    },
    {
      "productID": "COL219",
      "productName": "Coles Kitchen Frozen Entertaining 160g-320g",
      "category": "Frozen",
      "brand": "Coles",
      "description": "Frozen Entertaining 160g-320g",
      "price": "$5.00",
      "originalPrice": null,
      "savings": "$2.40",
      "specialType": "Any 3 for $15.00"
    },
    {
      "productID": "COL220",
      "productName": "Charlotte's Bakery Slow Cooked Beef Pies 2 Pack 400g",
      "category": "Frozen",
      "brand": "Charlotte's Bakery",
      "description": "Slow Cooked Beef Pies 2 Pack 400g",
      "price": "$6.00",
      "originalPrice": "$12.00",
      "savings": "$6.00",
      "specialType": "SAVE $6.00",
      "unitPrice": "$1.50 per 100g"
    },
    {
      "productID": "COL221",
      "productName": "Family Faves Chicken Tenders 1kg",
      "category": "Frozen",
      "brand": "Family Faves",
      "description": "Chicken Tenders 1kg",
      "price": "$10.00",
      "originalPrice": "$12.50",
      "savings": "$2.50",
      "specialType": "SAVE $2.50",
      "unitPrice": "$10.00 per kg"
    },
    {
      "productID": "COL222",
      "productName": "McCain Pub Size Meal 480g-500g",
      "category": "Frozen",
      "brand": "McCain",
      "description": "Pub Size Meal 480g-500g",
      "price": "$7.60",
      "originalPrice": "$9.50",
      "savings": "$1.90",
      "specialType": "SAVE $1.90"
    },
    {
      "productID": "COL223",
      "productName": "On The Menu Plated Meal 320g-400g",
      "category": "Frozen",
      "brand": "On The Menu",
      "description": "Plated Meal 320g-400g",
      "price": "$5.80",
      "originalPrice": "$7.30",
      "savings": "$1.50",
      "specialType": "SAVE $1.50"
    },
    {
      "productID": "COL224",
      "productName": "Herbert Adams Slow Cooked Beef Pies 2 Pack 400g-420g",
      "category": "Frozen",
      "brand": "Herbert Adams",
      "description": "Slow Cooked Beef Pies 2 Pack 400g-420g",
      "price": "$6.90",
      "originalPrice": "$10.00",
      "savings": "$3.10",
      "specialType": "SAVE $3.10"
    },
    {
      "productID": "COL225",
      "productName": "McCain Pizza Slices 2 Pack 600g",
      "category": "Frozen",
      "brand": "McCain",
      "description": "Pizza Slices 2 Pack 600g",
      "price": "$7.70",
      "originalPrice": "$9.80",
      "savings": "$2.10",
      "specialType": "SAVE $2.10",
      "unitPrice": "$1.28 per 100g"
    },
    {
      "productID": "COL226",
      "productName": "Birds Eye Deli Crispy Light Batter Fish 250g",
      "category": "Frozen",
      "brand": "Birds Eye",
      "description": "Deli Crispy Light Batter Fish 250g",
      "price": "$8.80",
      "originalPrice": "$11.00",
      "savings": "$2.20",
      "specialType": "SAVE $2.20",
      "unitPrice": "$35.20 per kg"
    },
    {
      "productID": "COL227",
      "productName": "Hecho En Mexico Chicken Fajitas Kit 548g",
      "category": "Frozen",
      "brand": "Hecho En Mexico",
      "description": "Chicken Fajitas Kit 548g",
      "price": "$12.00",
      "originalPrice": "$15.00",
      "savings": "$3.00",
      "specialType": "DOWN DOWN",
      "unitPrice": "$2.19 per 100g"
    },
    {
      "productID": "COL228",
      "productName": "Patties Party Pack 30 Pack 1.25kg",
      "category": "Frozen",
      "brand": "Patties",
      "description": "Party Pack 30 Pack 1.25kg",
      "price": "$13.00",
      "originalPrice": "$18.00",
      "savings": "$5.00",
      "specialType": "SAVE $5.00",
      "unitPrice": "$1.04 per 100g"
    },
    {
      "productID": "COL229",
      "productName": "Peters Original Twin Pole Sticks 8 Pack 544mL-590mL",
      "category": "Frozen",
      "brand": "Peters",
      "description": "Original Twin Pole Sticks 8 Pack 544mL-590mL",
      "price": "$4.00",
      "originalPrice": "$8.00",
      "savings": "$4.00",
      "specialType": "SAVE $4.00"
    },
    {
      "productID": "COL230",
      "productName": "Mars Smooth & Creamy Frozen Dessert Bars 5 Pack 247mL",
      "category": "Frozen",
      "brand": "Mars",
      "description": "Smooth & Creamy Frozen Dessert Bars 5 Pack 247mL",
      "price": "$4.75",
      "originalPrice": "$9.50",
      "savings": "$4.75",
      "specialType": "SAVE $4.75",
      "unitPrice": "$1.92 per 100mL"
    },
    {
      "productID": "COL231",
      "productName": "Bulla Creamy Classics Ice Cream Cones 4 Pack 520mL",
      "category": "Frozen",
      "brand": "Bulla",
      "description": "Creamy Classics Ice Cream Cones 4 Pack 520mL",
      "price": "$5.50",
      "originalPrice": "$11.00",
      "savings": "$5.50",
      "specialType": "SAVE $5.50",
      "unitPrice": "$1.06 per 100mL"
    },
    {
      "productID": "COL232",
      "productName": "Hershey's, Reese's or Violet Crumble Ice Cream Tub 1 Litre",
      "category": "Frozen",
      "brand": "Hershey's/Reese's/Violet Crumble",
      "description": "Ice Cream Tub 1 Litre",
      "price": "$5.50",
      "originalPrice": "$11.00",
      "savings": "$5.50",
      "specialType": "SAVE $5.50",
      "unitPrice": "$0.55 per 100mL"
    },
    {
      "productID": "COL233",
      "productName": "Bulla Creamy Classics Ice Cream Sundae Cones 4 Pack 580mL",
      "category": "Frozen",
      "brand": "Bulla",
      "description": "Creamy Classics Ice Cream Sundae Cones 4 Pack 580mL",
      "price": "$6.25",
      "originalPrice": "$12.50",
      "savings": "$6.25",
      "specialType": "SAVE $6.25",
      "unitPrice": "$1.08 per 100mL"
    },
    {
      "productID": "COL234",
      "productName": "Ben & Jerry's Ice Cream Tub 427mL-458mL",
      "category": "Frozen",
      "brand": "Ben & Jerry's",
      "description": "Ice Cream Tub 427mL-458mL",
      "price": "$7.25",
      "originalPrice": "$14.50",
      "savings": "$7.25",
      "specialType": "SAVE $7.25"
    },
    {
      "productID": "COL235",
      "productName": "Streets Golden Gaytime Sticks 4 Pack 400mL",
      "category": "Frozen",
      "brand": "Streets",
      "description": "Golden Gaytime Sticks 4 Pack 400mL",
      "price": "$6.00",
      "originalPrice": "$10.00",
      "savings": "$4.00",
      "specialType": "SAVE $4.00",
      "unitPrice": "$1.50 per 100mL"
    },
    {
      "productID": "COL236",
      "productName": "Streets Magnum Sticks 4 Pack-6 Pack 360mL-428mL",
      "category": "Frozen",
      "brand": "Streets",
      "description": "Magnum Sticks 4 Pack-6 Pack 360mL-428mL",
      "price": "$8.40",
      "originalPrice": "$12.00",
      "savings": "$3.60",
      "specialType": "SAVE $3.60"
    },
    {
      "productID": "COL237",
      "productName": "Peters Maxibon 4 Pack 560mL",
      "category": "Frozen",
      "brand": "Peters",
      "description": "Maxibon 4 Pack 560mL",
      "price": "$7.90",
      "originalPrice": "$11.50",
      "savings": "$3.60",
      "specialType": "SAVE $3.60",
      "unitPrice": "$1.41 per 100mL"
    },
    {
      "productID": "COL238",
      "productName": "Connoisseur Ice Cream Tub 1 Litre",
      "category": "Frozen",
      "brand": "Connoisseur",
      "description": "Ice Cream Tub 1 Litre",
      "price": "$9.00",
      "originalPrice": "$12.00",
      "savings": "$3.00",
      "specialType": "SAVE $3.00",
      "unitPrice": "$0.90 per 100mL"
    },
    {
      "productID": "COL239",
      "productName": "Olay Moisturising Cream 100g",
      "category": "Health & Beauty",
      "brand": "Olay",
      "description": "Moisturising Cream 100g",
      "price": "$9.50",
      "originalPrice": "$16.00",
      "savings": "$6.50",
      "specialType": "SAVE $6.50",
      "unitPrice": "$9.50 per 100g"
    },
    {
      "productID": "COL240",
      "productName": "Olay Moisturising Lotion 150mL",
      "category": "Health & Beauty",
      "brand": "Olay",
      "description": "Moisturising Lotion 150mL",
      "price": "$9.50",
      "originalPrice": "$16.00",
      "savings": "$6.50",
      "specialType": "SAVE $6.50",
      "unitPrice": "$6.33 per 100mL"
    },
    {
      "productID": "COL241",
      "productName": "John Frieda Violet Crush Tone Refresh Shampoo or Conditioner 250mL",
      "category": "Health & Beauty",
      "brand": "John Frieda",
      "description": "Violet Crush Tone Refresh Shampoo or Conditioner 250mL",
      "price": "$12.60",
      "originalPrice": "$21.00",
      "savings": "$8.40",
      "specialType": "SAVE $8.40",
      "unitPrice": "$5.04 per 100mL"
    },
    {
      "productID": "COL242",
      "productName": "Maybelline Colossal Bubble Mascara 10mL",
      "category": "Health & Beauty",
      "brand": "Maybelline",
      "description": "Colossal Bubble Mascara 10mL",
      "price": "$16.50",
      "originalPrice": "$28.00",
      "savings": "$11.50",
      "specialType": "SAVE $11.50",
      "unitPrice": "$16.50 per 10mL"
    },
    {
      "productID": "COL243",
      "productName": "Libra Body Fit Tampons Regular or Super 16 Pack",
      "category": "Health & Beauty",
      "brand": "Libra",
      "description": "Body Fit Tampons Regular or Super 16 Pack",
      "price": "$3.50",
      "originalPrice": "$5.00",
      "savings": "$1.50",
      "specialType": "SAVE $1.50",
      "unitPrice": "$0.22 per each"
    },
    {
      "productID": "COL244",
      "productName": "Libra Dry Pads with Wings Ultra Thin or Extra 12 Pack",
      "category": "Health & Beauty",
      "brand": "Libra",
      "description": "Dry Pads with Wings Ultra Thin or Extra 12 Pack",
      "price": "$4.50",
      "originalPrice": "$6.50",
      "savings": "$2.00",
      "specialType": "SAVE $2.00",
      "unitPrice": "$0.38 per each"
    },
    {
      "productID": "COL245",
      "productName": "Tena Plus Continence Night Pants Size L 12 Pack",
      "category": "Health & Beauty",
      "brand": "Tena",
      "description": "Continence Night Pants Size L 12 Pack",
      "price": "$20.00",
      "originalPrice": "$25.00",
      "savings": "$5.00",
      "specialType": "SAVE $5.00",
      "unitPrice": "$1.67 per each"
    },
    {
      "productID": "COL246",
      "productName": "L'Oréal Elvive Dream Lengths Shampoo or Conditioner 800mL",
      "category": "Health & Beauty",
      "brand": "L'Oréal",
      "description": "Elvive Dream Lengths Shampoo or Conditioner 800mL",
      "price": "$14.00",
      "originalPrice": "$20.00",
      "savings": "$6.00",
      "specialType": "SAVE $6.00",
      "unitPrice": "$1.75 per 100mL"
    },
    {
      "productID": "COL247",
      "productName": "Rexona Antiperspirant 48hr Deodorant 250mL",
      "category": "Health & Beauty",
      "brand": "Rexona",
      "description": "Antiperspirant 48hr Deodorant 250mL",
      "price": "$5.50",
      "originalPrice": "$8.50",
      "savings": "$3.00",
      "specialType": "SAVE $3.00",
      "unitPrice": "$2.20 per 100mL"
    },
    {
      "productID": "COL248",
      "productName": "Gillette Fusion 5 Razor Kit with 2 Refill Blades 1 Each",
      "category": "Health & Beauty",
      "brand": "Gillette",
      "description": "Fusion 5 Razor Kit with 2 Refill Blades 1 Each",
      "price": "$15.00",
      "originalPrice": "$21.50",
      "savings": "$6.50",
      "specialType": "SAVE $6.50",
      "unitPrice": "$15.00 per each"
    },
    {
      "productID": "COL249",
      "productName": "Rascals Premium Wipes 72 Pack-80 Pack",
      "category": "Baby",
      "brand": "Rascals",
      "description": "Premium Wipes 72 Pack-80 Pack",
      "price": "$2.50",
      "originalPrice": "$5.00",
      "savings": "$2.50",
      "specialType": "SAVE $2.50"
    },
    {
      "productID": "COL250",
      "productName": "Huggies Ultra Dry Jumbo Nappies 60 Pack-108 Pack",
      "category": "Baby",
      "brand": "Huggies",
      "description": "Ultra Dry Jumbo Nappies 60 Pack-108 Pack",
      "price": "$29.00",
      "originalPrice": "$39.00",
      "savings": "$10.00",
      "specialType": "SAVE $10.00"
    },
    {
      "productID": "COL251",
      "productName": "Only Organic 4+ Months, 6+ Months or 8+ Months Baby Food Pouch 120g",
      "category": "Baby",
      "brand": "Only Organic",
      "description": "Baby Food Pouch 120g",
      "price": "$1.80",
      "originalPrice": "$2.30",
      "savings": "$0.50",
      "specialType": "SAVE $0.50",
      "unitPrice": "$1.50 per 100g"
    },
    {
      "productID": "COL252",
      "productName": "Huggies Little Swimmers 10 Pack-12 Pack",
      "category": "Baby",
      "brand": "Huggies",
      "description": "Little Swimmers 10 Pack-12 Pack",
      "price": "$12.50",
      "originalPrice": "$17.00",
      "savings": "$4.50",
      "specialType": "SAVE $4.50"
    },
    {
      "productID": "COL253",
      "productName": "Karicare Toddler Stage 3 Milk Drink 900g",
      "category": "Baby",
      "brand": "Karicare",
      "description": "Toddler Stage 3 Milk Drink 900g",
      "price": "$16.00",
      "originalPrice": "$20.00",
      "savings": "$4.00",
      "specialType": "SAVE $4.00",
      "unitPrice": "$1.78 per 100g"
    },
    {
      "productID": "COL254",
      "productName": "Johnson's Baby 3-in-1 Wash or Aloe Vera & Vitamin E Oil 500mL",
      "category": "Baby",
      "brand": "Johnson's",
      "description": "3-in-1 Wash or Aloe Vera & Vitamin E Oil 500mL",
      "price": "$7.50",
      "originalPrice": "$12.50",
      "savings": "$5.00",
      "specialType": "SAVE $5.00",
      "unitPrice": "$1.50 per 100mL"
    },
    {
      "productID": "COL255",
      "productName": "Sensodyne Repair & Protect Whitening or Cool Mint Toothpaste 100g",
      "category": "Health & Beauty",
      "brand": "Sensodyne",
      "description": "Repair & Protect Whitening or Cool Mint Toothpaste 100g",
      "price": "$8.60",
      "originalPrice": "$12.30",
      "savings": "$3.70",
      "specialType": "SAVE $3.70",
      "unitPrice": "$8.60 per 100g"
    },
    {
      "productID": "COL256",
      "productName": "Metamucil Fibre Supplement 72 Doses Orange Smooth 425g",
      "category": "Health & Beauty",
      "brand": "Metamucil",
      "description": "Fibre Supplement 72 Doses Orange Smooth 425g",
      "price": "$25.00",
      "originalPrice": "$35.50",
      "savings": "$10.50",
      "specialType": "SAVE $10.50",
      "unitPrice": "$5.88 per 100g"
    },
    {
      "productID": "COL257",
      "productName": "Johnson Body Care Body Wash 1 Litre",
      "category": "Health & Beauty",
      "brand": "Johnson",
      "description": "Body Care Body Wash 1 Litre",
      "price": "$9.00",
      "originalPrice": "$12.00",
      "savings": "$3.00",
      "specialType": "DOWN DOWN",
      "unitPrice": "$0.90 per 100mL"
    },
    {
      "productID": "COL258",
      "productName": "Huggies Ultra Dry Jumbo Nappy Pants 48 Pack-62 Pack",
      "category": "Baby",
      "brand": "Huggies",
      "description": "Ultra Dry Jumbo Nappy Pants 48 Pack-62 Pack",
      "price": "$33.50",
      "originalPrice": "$39.00",
      "savings": "$5.50",
      "specialType": "DOWN DOWN"
    },
    {
      "productID": "COL259",
      "productName": "Nivea Q10 Anti Wrinkle Firming Day Cream SPF30 50mL",
      "category": "Health & Beauty",
      "brand": "Nivea",
      "description": "Q10 Anti Wrinkle Firming Day Cream SPF30 50mL",
      "price": "$14.00",
      "originalPrice": "$28.00",
      "savings": "$14.00",
      "specialType": "DOWN DOWN",
    },    
    {
      "productID": "COL260",
      "productName": "Nivea Black & White Clear Invisible Antiperspirant Aerosol Deodorant 250mL",
      "category": "Health & Beauty",
      "brand": "Nivea",
      "description": "Black & White Clear Invisible Antiperspirant Aerosol Deodorant 250mL",
      "price": "$4.75",
      "originalPrice": "$9.50",
      "savings": "$4.75",
      "specialType": "SAVE $4.75",
      "unitPrice": "$1.90 per 100mL"
    },
    {
      "productID": "COL261",
      "productName": "Nivea Men Derma Control Sensitive Antiperspirant Aerosol Deodorant 250mL",
      "category": "Health & Beauty",
      "brand": "Nivea",
      "description": "Men Derma Control Sensitive Antiperspirant Aerosol Deodorant 250mL",
      "price": "$4.75",
      "originalPrice": "$9.50",
      "savings": "$4.75",
      "specialType": "SAVE $4.75",
      "unitPrice": "$1.90 per 100mL"
    },
    {
      "productID": "COL262",
      "productName": "Nivea Rich Nourishing Body Lotion 400mL",
      "category": "Health & Beauty",
      "brand": "Nivea",
      "description": "Rich Nourishing Body Lotion 400mL",
      "price": "$4.75",
      "originalPrice": "$9.50",
      "savings": "$4.75",
      "specialType": "SAVE $4.75",
      "unitPrice": "$1.19 per 100mL"
    },
    {
      "productID": "COL263",
      "productName": "Smash Blue Stainless Steel Barista Cup 355mL",
      "category": "Household",
      "brand": "Smash",
      "description": "Blue Stainless Steel Barista Cup 355mL",
      "price": "$13.00",
      "originalPrice": "$26.00",
      "savings": "$13.00",
      "specialType": "SAVE $13.00",
      "unitPrice": "$13.00 per each"
    },
    {
      "productID": "COL264",
      "productName": "Smash Hydro Chugger 750mL",
      "category": "Household",
      "brand": "Smash",
      "description": "Hydro Chugger 750mL",
      "price": "$7.00",
      "originalPrice": "$14.00",
      "savings": "$7.00",
      "specialType": "SAVE $7.00",
      "unitPrice": "$7.00 per each"
    },
    {
      "productID": "COL265",
      "productName": "Décor Tellfresh Container 500mL",
      "category": "Household",
      "brand": "Décor",
      "description": "Tellfresh Container 500mL",
      "price": "$2.50",
      "originalPrice": "$5.00",
      "savings": "$2.50",
      "specialType": "SAVE $2.50",
      "unitPrice": "$2.50 per each"
    },
    {
      "productID": "COL266",
      "productName": "Pyrex Measuring Jug 500mL",
      "category": "Household",
      "brand": "Pyrex",
      "description": "Measuring Jug 500mL",
      "price": "$6.50",
      "originalPrice": "$11.00",
      "savings": "$4.50",
      "specialType": "SAVE $4.50",
      "unitPrice": "$6.50 per each"
    },
    {
      "productID": "COL267",
      "productName": "Brunnings 1 Hour Action Weed Kill or Fast Action Organic Weed Kill 1 Litre",
      "category": "Garden",
      "brand": "Brunnings",
      "description": "1 Hour Action Weed Kill or Fast Action Organic Weed Kill 1 Litre",
      "price": "$7.00",
      "originalPrice": "$14.00",
      "savings": "$7.00",
      "specialType": "SAVE $7.00"
    },
    {
      "productID": "COL268",
      "productName": "Duracell Coppertop Batteries AA or AAA 26 Pack",
      "category": "Household",
      "brand": "Duracell",
      "description": "Coppertop Batteries AA or AAA 26 Pack",
      "price": "$21.50",
      "originalPrice": "$31.00",
      "savings": "$9.50",
      "specialType": "SAVE $9.50",
      "unitPrice": "$0.83 per each"
    },
    {
      "productID": "COL269",
      "productName": "amaysim $30 Starter Pack",
      "category": "Mobile & Tech",
      "brand": "amaysim",
      "description": "$30 Starter Pack",
      "price": "$12.00",
      "originalPrice": "$30.00",
      "savings": "$18.00",
      "specialType": "SAVE $18.00"
    },
    {
      "productID": "COL270",
      "productName": "Belong $35 Mobile SIM",
      "category": "Mobile & Tech",
      "brand": "Belong",
      "description": "$35 Mobile SIM",
      "price": "$10.00",
      "originalPrice": "$35.00",
      "savings": "$25.00",
      "specialType": "SAVE $25.00"
    },
    {
      "productID": "COL271",
      "productName": "Telstra T-Pro 2 5G",
      "category": "Mobile & Tech",
      "brand": "Telstra",
      "description": "T-Pro 2 5G",
      "price": "$99.00",
      "originalPrice": "$129.00",
      "savings": "$30.00",
      "specialType": "SAVE $30.00"
    },
    {
      "productID": "COL272",
      "productName": "Flybuys 20x Points on Apple Gift Cards",
      "category": "Promotions",
      "brand": "Flybuys",
      "description": "20x Points on Apple Gift Cards When You Swipe Your Flybuys Card at the Checkout",
      "price": null,
      "originalPrice": null,
      "savings": null,
      "specialType": "PROMOTION",
      "unitPrice": null
    },
    {
      "productID": "COL273",
      "productName": "Coles Ultra Antibacterial Multipurpose Biodegradable Wipes 100 Pack",
      "category": "Household",
      "brand": "Coles",
      "description": "Ultra Antibacterial Multipurpose Biodegradable Wipes 100 Pack",
      "price": "$4.45",
      "originalPrice": null,
      "savings": null,
      "specialType": "EVERY DAY",
      "unitPrice": "$0.04 per each"
    },
    {
      "productID": "COL274",
      "productName": "Coles Ultra Multipurpose Domestic Cleaning Wipes 10 Pack",
      "category": "Household",
      "brand": "Coles",
      "description": "Ultra Multipurpose Domestic Cleaning Wipes 10 Pack",
      "price": "$1.05",
      "originalPrice": null,
      "savings": null,
      "specialType": "EVERY DAY",
      "unitPrice": "$0.11 per each"
    },
    {
      "productID": "COL275",
      "productName": "Coles Ultra Foam Scourer Sponge Non Scratch 3 Pack",
      "category": "Household",
      "brand": "Coles",
      "description": "Ultra Foam Scourer Sponge Non Scratch 3 Pack",
      "price": "$2.00",
      "originalPrice": null,
      "savings": null,
      "specialType": "EVERY DAY",
      "unitPrice": "$0.67 per each"
    },
    {
      "productID": "COL276",
      "productName": "Coles Ultra Rinse Aid 500mL",
      "category": "Household",
      "brand": "Coles",
      "description": "Ultra Rinse Aid 500mL",
      "price": "$2.80",
      "originalPrice": null,
      "savings": null,
      "specialType": "EVERY DAY",
      "unitPrice": "$0.56 per 100mL"
    },
    {
      "productID": "COL277",
      "productName": "Coles Ultra Advanced Dishwasher Tablets 40 Pack",
      "category": "Household",
      "brand": "Coles",
      "description": "Ultra Advanced Dishwasher Tablets 40 Pack",
      "price": "$6.00",
      "originalPrice": null,
      "savings": null,
      "specialType": "EVERY DAY",
      "unitPrice": "$0.15 per each"
    },
    {
      "productID": "COL278",
      "productName": "Coles Ultra Pre-Wash Stain Remover 750mL",
      "category": "Household",
      "brand": "Coles",
      "description": "Ultra Pre-Wash Stain Remover 750mL",
      "price": "$2.10",
      "originalPrice": null,
      "savings": null,
      "specialType": "EVERY DAY",
      "unitPrice": "$2.80 per litre"
    },
    {
      "productID": "COL279",
      "productName": "Coles Ultra Oxy-Action Laundry Stain Remover 1kg",
      "category": "Household",
      "brand": "Coles",
      "description": "Ultra Oxy-Action Laundry Stain Remover 1kg",
      "price": "$3.90",
      "originalPrice": null,
      "savings": null,
      "specialType": "EVERY DAY",
      "unitPrice": "$3.90 per kg"
    },
    {
      "productID": "COL280",
      "productName": "Coles Ultra Fabric Conditioner 1 Litre",
      "category": "Household",
      "brand": "Coles",
      "description": "Ultra Fabric Conditioner 1 Litre",
      "price": "$4.00",
      "originalPrice": null,
      "savings": null,
      "specialType": "EVERY DAY",
      "unitPrice": "$4.00 per litre"
    },
    {
      "productID": "COL281",
      "productName": "Coles Ultra Concentrate Laundry Capsules 24 Pack",
      "category": "Household",
      "brand": "Coles",
      "description": "Ultra Concentrate Laundry Capsules 24 Pack",
      "price": "$7.50",
      "originalPrice": null,
      "savings": null,
      "specialType": "EVERY DAY",
      "unitPrice": "$0.31 per each"
    },
    {
      "productID": "COL282",
      "productName": "Glad Cling Wrap 100 Metres",
      "category": "Household",
      "brand": "Glad",
      "description": "Cling Wrap 100 Metres",
      "price": "$6.30",
      "originalPrice": "$7.00",
      "savings": "$0.70",
      "specialType": "DOWN DOWN",
      "unitPrice": "$0.06 per metre"
    },
    {
      "productID": "COL283",
      "productName": "Viva Double Length Paper Towel 3 Pack",
      "category": "Household",
      "brand": "Viva",
      "description": "Double Length Paper Towel 3 Pack",
      "price": "$8.00",
      "originalPrice": "$9.00",
      "savings": "$1.00",
      "specialType": "DOWN DOWN",
      "unitPrice": "$2.22 per 100 sheets"
    },
    {
      "productID": "COL284",
      "productName": "Sorbent 3-Ply Soft & Strong Toilet Paper 16 Pack",
      "category": "Household",
      "brand": "Sorbent",
      "description": "3-Ply Soft & Strong Toilet Paper 16 Pack",
      "price": "$8.60",
      "originalPrice": "$14.00",
      "savings": "$5.40",
      "specialType": "DOWN DOWN",
      "unitPrice": "$0.30 per 100 sheets"
    },
    {
      "productID": "COL285",
      "productName": "Coles 2-Ply Facial Tissues 224 Pack",
      "category": "Household",
      "brand": "Coles",
      "description": "2-Ply Facial Tissues 224 Pack",
      "price": "$1.90",
      "originalPrice": null,
      "savings": null,
      "specialType": "EVERY DAY",
      "unitPrice": "$0.85 per 100 sheets"
    },
    {
      "productID": "COL286",
      "productName": "Coles Ultra Disinfectant Bleach Cleaner 1.25 Litre",
      "category": "Household",
      "brand": "Coles",
      "description": "Ultra Disinfectant Bleach Cleaner 1.25 Litre",
      "price": "$2.50",
      "originalPrice": null,
      "savings": null,
      "specialType": "EVERY DAY",
      "unitPrice": "$0.20 per 100mL"
    },
    {
      "productID": "COL287",
      "productName": "Earth Choice Dishwashing Liquid 1 Litre",
      "category": "Household",
      "brand": "Earth Choice",
      "description": "Dishwashing Liquid 1 Litre",
      "price": "$2.55",
      "originalPrice": null,
      "savings": null,
      "specialType": "EVERY DAY",
      "unitPrice": "$0.26 per 100mL"
    },
    {
      "productID": "COL288",
      "productName": "Coles Ultra Multi-Purpose Disposable Gloves 100 Pack",
      "category": "Household",
      "brand": "Coles",
      "description": "Ultra Multi-Purpose Disposable Gloves 100 Pack",
      "price": "$8.00",
      "originalPrice": null,
      "savings": null,
      "specialType": "EVERY DAY",
      "unitPrice": "$0.08 per each"
    },
    {
      "productID": "COL289",
      "productName": "Coles Ultra Concentrate Laundry Liquid 2 Litre",
      "category": "Household",
      "brand": "Coles",
      "description": "Ultra Concentrate Laundry Liquid 2 Litre",
      "price": "$10.50",
      "originalPrice": null,
      "savings": null,
      "specialType": "EVERY DAY",
      "unitPrice": "$5.25 per litre"
    },
    {
      "productID": "COL290",
      "productName": "Omo Laundry Liquid 4 Litre",
      "category": "Household",
      "brand": "Omo",
      "description": "Laundry Liquid 4 Litre",
      "price": "$27.00",
      "originalPrice": null,
      "savings": null,
      "specialType": "EVERY DAY",
      "unitPrice": "$6.75 per litre"
    },
    {
      "productID": "COL291",
      "productName": "Purina One Dry Dog Food 2.5kg",
      "category": "Pet",
      "brand": "Purina",
      "description": "Dry Dog Food 2.5kg",
      "price": "$15.40",
      "originalPrice": "$22.00",
      "savings": "$6.60",
      "specialType": "SAVE $6.60",
      "unitPrice": "$0.62 per 100g"
    },
    {
      "productID": "COL292",
      "productName": "Farmers Market Home Styled Shreds Dog Food 250g",
      "category": "Pet",
      "brand": "Farmers Market",
      "description": "Home Styled Shreds Dog Food 250g",
      "price": "$3.00",
      "originalPrice": "$5.00",
      "savings": "$2.00",
      "specialType": "SAVE $2.00",
      "unitPrice": "$1.20 per 100g"
    },
    {
      "productID": "COL293",
      "productName": "Supercoat Dry Dog Food 6.7kg-7kg",
      "category": "Pet",
      "brand": "Supercoat",
      "description": "Dry Dog Food 6.7kg-7kg",
      "price": "$27.00",
      "originalPrice": null,
      "savings": null,
      "specialType": "EVERY DAY"
    },
    {
      "productID": "COL294",
      "productName": "My Dog Dog Food Tray 100g",
      "category": "Pet",
      "brand": "My Dog",
      "description": "Dog Food Tray 100g",
      "price": "$1.25",
      "originalPrice": "$1.80",
      "savings": "$0.55",
      "specialType": "SAVE $0.55",
      "unitPrice": "$1.25 per 100g"
    },
    {
      "productID": "COL295",
      "productName": "Schmackos Dog Treats 200g",
      "category": "Pet",
      "brand": "Schmackos",
      "description": "Dog Treats 200g",
      "price": "$6.40",
      "originalPrice": "$8.00",
      "savings": "$1.60",
      "specialType": "SAVE $1.60",
      "unitPrice": "$3.20 per 100g"
    },
    {
      "productID": "COL296",
      "productName": "Felix Cat Treats 50g-60g",
      "category": "Pet",
      "brand": "Felix",
      "description": "Cat Treats 50g-60g",
      "price": "$2.50",
      "originalPrice": "$3.50",
      "savings": "$1.00",
      "specialType": "SAVE $1.00"
    },
    {
      "productID": "COL297",
      "productName": "Fussy Cat Grainfree Dry Cat Food 2.5kg",
      "category": "Pet",
      "brand": "Fussy Cat",
      "description": "Grainfree Dry Cat Food 2.5kg",
      "price": "$16.00",
      "originalPrice": "$26.50",
      "savings": "$10.50",
      "specialType": "SAVE $10.50",
      "unitPrice": "$0.64 per 100g"
    },
    {
      "productID": "COL298",
      "productName": "Pedigree Dentastix 28 Pack",
      "category": "Pet",
      "brand": "Pedigree",
      "description": "Dentastix 28 Pack",
      "price": "$16.50",
      "originalPrice": "$24.00",
      "savings": "$7.50",
      "specialType": "SAVE $7.50",
      "unitPrice": "$0.59 per each"
    },
    {
      "productID": "COL299",
      "productName": "Coles Dry Cat Food 4kg",
      "category": "Pet",
      "brand": "Coles",
      "description": "Dry Cat Food 4kg",
      "price": "$19.50",
      "originalPrice": null,
      "savings": null,
      "specialType": "EVERY DAY",
      "unitPrice": "$0.49 per 100g"
    },
    {
      "productID": "COL300",
      "productName": "Dine Classic Collections Cat Food Pouches 24x85g",
      "category": "Pet",
      "brand": "Dine",
      "description": "Classic Collections Cat Food Pouches 24x85g",
      "price": "$26.00",
      "originalPrice": null,
      "savings": null,
      "specialType": "EVERY DAY",
      "unitPrice": "$1.27 per 100g"
    },
    {
      "productID": "COL301",
      "productName": "Optus X Lite 4",
      "category": "Mobile & Tech",
      "brand": "Optus",
      "description": "X Lite 4",
      "price": "$39.00",
      "originalPrice": "$59.00",
      "savings": "$20.00",
      "specialType": "SAVE $20.00"
    },
    {
      "productID": "COL302",
      "productName": "Optus X Value 5G",
      "category": "Mobile & Tech",
      "brand": "Optus",
      "description": "X Value 5G",
      "price": "$129.00",
      "originalPrice": "$149.00",
      "savings": "$20.00",
      "specialType": "SAVE $20.00"
    },
    {
      "productID": "COL303",
      "productName": "Optus X Pro 5G",
      "category": "Mobile & Tech",
      "brand": "Optus",
      "description": "X Pro 5G",
      "price": "$139.00",
      "originalPrice": "$169.00",
      "savings": "$30.00",
      "specialType": "SAVE $30.00"
    },
    {
      "productID": "COL304",
      "productName": "Optus $35 AutoRecharge Only Prepaid SIM Starter Kit",
      "category": "Mobile & Tech",
      "brand": "Optus",
      "description": "$35 AutoRecharge Only Prepaid SIM Starter Kit",
      "price": "$13.00",
      "originalPrice": "$35.00",
      "savings": "$22.00",
      "specialType": "SAVE $22.00"
    },
    {
      "productID": "COL305",
      "productName": "Optus $49 Prepaid SIM Starter Kit",
      "category": "Mobile & Tech",
      "brand": "Optus",
      "description": "$49 Prepaid SIM Starter Kit",
      "price": "$17.00",
      "originalPrice": "$49.00",
      "savings": "$32.00",
      "specialType": "SAVE $32.00"
    },
    {
      "productID": "COL306",
      "productName": "Optus $180 Prepaid SIM Starter Kit",
      "category": "Mobile & Tech",
      "brand": "Optus",
      "description": "$180 Prepaid SIM Starter Kit",
      "price": "$119.00",
      "originalPrice": "$180.00",
      "savings": "$61.00",
      "specialType": "SAVE $61.00"
    },
    {
      "productID": "COL307",
      "productName": "Coles Mobile $30 Prepaid SIM",
      "category": "Mobile & Tech",
      "brand": "Coles Mobile",
      "description": "$30 Prepaid SIM",
      "price": "$11.00",
      "originalPrice": "$30.00",
      "savings": "$19.00",
      "specialType": "SAVE $19.00"
    },
    {
      "productID": "COL308",
      "productName": "Coles Mobile $240 Prepaid SIM",
      "category": "Mobile & Tech",
      "brand": "Coles Mobile",
      "description": "$240 Prepaid SIM",
      "price": "$189.00",
      "originalPrice": "$240.00",
      "savings": "$51.00",
      "specialType": "SAVE $51.00"
    },
    {
      "productID": "COL309",
      "productName": "Coles Mobile $280 Prepaid SIM",
      "category": "Mobile & Tech",
      "brand": "Coles Mobile",
      "description": "$280 Prepaid SIM",
      "price": "$219.00",
      "originalPrice": "$280.00",
      "savings": "$61.00",
      "specialType": "SAVE $61.00"
    },
    {
      "productID": "COL310",
      "productName": "XXXX Gold Cans 8x375mL",
      "category": "Liquor",
      "brand": "XXXX",
      "description": "Gold Cans 8x375mL",
      "price": "$23.00",
      "originalPrice": "$25.00",
      "savings": "$2.00",
      "specialType": "SAVE $2.00"
    },
    {
      "productID": "COL311",
      "productName": "Pure Blonde Ultra Low Carb Lager Bottles 24x330mL",
      "category": "Liquor",
      "brand": "Pure Blonde",
      "description": "Ultra Low Carb Lager Bottles 24x330mL",
      "price": "$56.00",
      "originalPrice": "$61.00",
      "savings": "$5.00",
      "specialType": "SAVE $5.00"
    },
    {
      "productID": "COL312",
      "productName": "Carlton Dry Bottles 6x330mL",
      "category": "Liquor",
      "brand": "Carlton",
      "description": "Dry Bottles 6x330mL",
      "price": "$18.00",
      "originalPrice": "$22.00",
      "savings": "$4.00",
      "specialType": "SAVE $4.00"
    },
    {
      "productID": "COL313",
      "productName": "Gage Roads Single Fin Summer Ale Cans 6x330mL",
      "category": "Liquor",
      "brand": "Gage Roads",
      "description": "Single Fin Summer Ale Cans 6x330mL",
      "price": "$19.00",
      "originalPrice": "$24.00",
      "savings": "$5.00",
      "specialType": "SAVE $5.00"
    },
    {
      "productID": "COL314",
      "productName": "White Claw Hard Seltzer Natural Lime Cans 4x330mL",
      "category": "Liquor",
      "brand": "White Claw",
      "description": "Hard Seltzer Natural Lime Cans 4x330mL",
      "price": "$20.00",
      "originalPrice": "$25.00",
      "savings": "$5.00",
      "specialType": "SAVE $5.00"
    },
    {
      "productID": "COL315",
      "productName": "Canadian Club & Dry Cans 6x375mL",
      "category": "Liquor",
      "brand": "Canadian Club",
      "description": "& Dry Cans 6x375mL",
      "price": "$28.00",
      "originalPrice": "$34.00",
      "savings": "$6.00",
      "specialType": "SAVE $6.00"
    },
    {
      "productID": "COL316",
      "productName": "Grog Mixed Cans 10x330mL",
      "category": "Liquor",
      "brand": "Grog",
      "description": "Mixed Cans 10x330mL",
      "price": "$52.00",
      "originalPrice": "$60.00",
      "savings": "$8.00",
      "specialType": "SAVE $8.00"
    },
    {
      "productID": "COL317",
      "productName": "Jack Daniels & Cola Cans 10x375mL",
      "category": "Liquor",
      "brand": "Jack Daniels",
      "description": "& Cola Cans 10x375mL",
      "price": "$50.00",
      "originalPrice": "$60.00",
      "savings": "$10.00",
      "specialType": "SAVE $10.00"
    },
    {
      "productID": "COL318",
      "productName": "Buffalo Trace Kentucky Straight Bourbon Whiskey 700mL",
      "category": "Liquor",
      "brand": "Buffalo Trace",
      "description": "Kentucky Straight Bourbon Whiskey 700mL",
      "price": "$62.00",
      "originalPrice": "$73.00",
      "savings": "$11.00",
      "specialType": "SAVE $11.00"
    },
    {
      "productID": "COL319",
      "productName": "Chivas Regal 12YO Scotch Whisky 700mL",
      "category": "Liquor",
      "brand": "Chivas Regal",
      "description": "12YO Scotch Whisky 700mL",
      "price": "$58.00",
      "originalPrice": "$70.00",
      "savings": "$12.00",
      "specialType": "SAVE $12.00"
    },
    {
      "productID": "COL320",
      "productName": "Bombay Sapphire Gin 700mL",
      "category": "Liquor",
      "brand": "Bombay Sapphire",
      "description": "Gin 700mL",
      "price": "$61.00",
      "originalPrice": "$70.00",
      "savings": "$9.00",
      "specialType": "SAVE $9.00"
    },
    {
      "productID": "COL321",
      "productName": "Belvedere Vodka 700mL",
      "category": "Liquor",
      "brand": "Belvedere",
      "description": "Vodka 700mL",
      "price": "$74.00",
      "originalPrice": "$89.00",
      "savings": "$15.00",
      "specialType": "SAVE $15.00"
    },
    {
      "productID": "COL322",
      "productName": "The Ned Marlborough Sauvignon Blanc 750mL",
      "category": "Liquor",
      "brand": "The Ned",
      "description": "Marlborough Sauvignon Blanc 750mL",
      "price": "$12.50",
      "originalPrice": "$18.00",
      "savings": "$5.50",
      "specialType": "SAVE $5.50"
    },
    {
      "productID": "COL323",
      "productName": "Selaks Taste Collection Buttery Chardonnay 750mL",
      "category": "Liquor",
      "brand": "Selaks",
      "description": "Taste Collection Buttery Chardonnay 750mL",
      "price": "$13.00",
      "originalPrice": "$20.00",
      "savings": "$7.00",
      "specialType": "SAVE $7.00"
    },
    {
      "productID": "COL324",
      "productName": "Wynns The Siding Cabernet Sauvignon 750mL",
      "category": "Liquor",
      "brand": "Wynns",
      "description": "The Siding Cabernet Sauvignon 750mL",
      "price": "$15.00",
      "originalPrice": "$20.00",
      "savings": "$5.00",
      "specialType": "SAVE $5.00"
    },
    {
      "productID": "COL325",
      "productName": "Brilla Prosecco 750mL",
      "category": "Liquor",
      "brand": "Brilla",
      "description": "Prosecco 750mL",
      "price": "$17.00",
      "originalPrice": "$23.00",
      "savings": "$6.00",
      "specialType": "SAVE $6.00"
    },
    {
      "productID": "COL326",
      "productName": "Twinings Tea Bags 80 Pack-100 Pack",
      "category": "Pantry",
      "brand": "Twinings",
      "description": "Tea Bags 80 Pack-100 Pack",
      "price": "$6.75",
      "originalPrice": "$13.50",
      "savings": "$6.75",
      "specialType": "SAVE $6.75"
    },
    {
      "productID": "COL327",
      "productName": "Plumrose Leg Ham 450g",
      "category": "Meat, Seafood & Deli",
      "brand": "Plumrose",
      "description": "Leg Ham 450g",
      "price": "$7.00",
      "originalPrice": "$14.00",
      "savings": "$7.00",
      "specialType": "SAVE $7.00",
      "unitPrice": "$15.56 per kg"
    },
    {
      "productID": "COL328",
      "productName": "Sunrice Jasmine Rice 5kg",
      "category": "Pantry",
      "brand": "Sunrice",
      "description": "Jasmine Rice 5kg",
      "price": "$13.50",
      "originalPrice": "$27.00",
      "savings": "$13.50",
      "specialType": "SAVE $13.50",
      "unitPrice": "$0.27 per 100g"
    },
    {
      "productID": "COL329",
      "productName": "Finish Dishwasher Deep Cleaner 250mL",
      "category": "Household",
      "brand": "Finish",
      "description": "Dishwasher Deep Cleaner 250mL",
      "price": "$6.30",
      "originalPrice": "$10.50",
      "savings": "$4.20",
      "specialType": "SAVE $4.20",
      "unitPrice": "$2.52 per 100mL"
    },
    {
      "productID": "COL330",
      "productName": "Finish Ultimate Dishwashing Tablets 46 Pack",
      "category": "Household",
      "brand": "Finish",
      "description": "Ultimate Dishwashing Tablets 46 Pack",
      "price": "$24.50",
      "originalPrice": "$49.00",
      "savings": "$24.50",
      "specialType": "SAVE $24.50",
      "unitPrice": "$0.53 per each"
    },
    {
      "productID": "COL331",
      "productName": "Kleenex 3-Ply Wellbeing Facial Tissues 140 Pack",
      "category": "Household",
      "brand": "Kleenex",
      "description": "3-Ply Wellbeing Facial Tissues 140 Pack",
      "price": "$3.60",
      "originalPrice": "$4.50",
      "savings": "$0.90",
      "specialType": "SAVE $0.90",
      "unitPrice": "$2.57 per 100 sheets"
    },
    {
      "productID": "COL332",
      "productName": "Glad Wavetop Tie Large Kitchen Tidy Bags 30 Pack",
      "category": "Household",
      "brand": "Glad",
      "description": "Wavetop Tie Large Kitchen Tidy Bags 30 Pack",
      "price": "$3.80",
      "originalPrice": null,
      "savings": null,
      "specialType": "EVERY DAY",
      "unitPrice": "$0.13 per each"
    },
    {
      "productID": "COL333",
      "productName": "Mortein PowerGard Crawling Insect Surface Spray 350g",
      "category": "Household",
      "brand": "Mortein",
      "description": "PowerGard Crawling Insect Surface Spray 350g",
      "price": "$12.25",
      "originalPrice": "$17.50",
      "savings": "$5.25",
      "specialType": "SAVE $5.25",
      "unitPrice": "$3.50 per 100g"
    }
  ]