Skip to main content
 
Search Products
Search products & recipes

More from Coles
Log in / Sign up
Lists

$0.00
Shop products
Specials & catalogues
Bought before
Recipes & inspiration
Ways to shop
Help

Click & Collect
Sunnybank Hills
When
Home
Catalogues
Next week's catalogue
Next week's catalogue
Showing catalogues for Sunnybank Hills  
Change location
For early access to specials, online exclusives and recipes, sign up to get the catalogue in your inbox!
Sign Up
catalogue icon
 Back to catalogue
Search a product
 Email
 Download PDF
All347
Half Price Specials98
Bread & Bakery18
Fruit & Vegetables10
Meat, Seafood & Deli44
Dairy, Eggs & Meals22
Pantry42
Frozen33
Drinks33
Healthy Living1
Household30
Health & Beauty37
Baby6
Pet10
Stationery & Media17
Clothing4
Liquor34
Coles Classic Burgers or Sausages 400g-550g
Coles Classic Burgers or Sausages 400g-550g
Save $3.00
Any 2 for $10.00
You can purchase this product starting Wednesday 24th September
Shop special
Coca-Cola, Fanta or Sprite Soft Drink 1.25 Litre
Coca-Cola, Fanta or Sprite Soft Drink 1.25 Litre
Was $4.00, Save $2.00
$2.00 each
$1.60 per litre

You can purchase this product starting Wednesday 24th September
Shop special
Ben & Jerry's Ice Cream Tub 458mL
Ben & Jerry's Ice Cream Tub 458mL
Was $14.50, Save $7.25
$7.25 each
$1.58 per 100mL

You can purchase this product starting Wednesday 24th September
Shop special
Arnott's Shapes Crackers 130g-190g
Arnott's Shapes Crackers 130g-190g
Was $4.00, Save $2.00
$2.00 each
You can purchase this product starting Wednesday 24th September
Shop special
Primo Rindless Short Cut Bacon 750g
Primo Rindless Short Cut Bacon 750g
Was $16.80, Save $8.40
$8.40 pk
$11.20 per kg

You can purchase this product starting Wednesday 24th September
Shop special
Green Kiwifruit
Green Kiwifruit
Single Sell $0.90 each
5 for $4.00
$0.80 each when you buy 5

You can purchase this product starting Wednesday 24th September
Shop special
Australian Raspberries 125g Punnet
Australian Raspberries 125g Punnet
$5.00 pk
$40.00 per kg

You can purchase this product starting Wednesday 24th September
Shop special
Australian Packham Pears
Australian Packham Pears
$3.50 kg
$3.50 per kg

You can purchase this product starting Wednesday 24th September
Shop special
Australian Eureka Blueberries 200g Punnet
Australian Eureka Blueberries 200g Punnet
$5.00 pk
$25.00 per kg

You can purchase this product starting Wednesday 24th September
Shop special
Coles Australian Green Asparagus Bunch
Coles Australian Green Asparagus Bunch
$1.70 each
$1.70 per each

You can purchase this product starting Wednesday 24th September
Shop special
Coles Australian Red Perino Tomatoes 200g Pack
Coles Australian Red Perino Tomatoes 200g Pack
$3.90 pk
$19.50 per kg

You can purchase this product starting Wednesday 24th September
Shop special
Queensland Gold Sweet Potatoes
Queensland Gold Sweet Potatoes
$3.50 kg
$3.50 per kg

You can purchase this product starting Wednesday 24th September
Shop special
Coles Australian Organic Carrots 1kg Bag
Coles Australian Organic Carrots 1kg Bag
$4.80 bag
$4.80 per kg

You can purchase this product starting Wednesday 24th September
Shop special
Coles Kitchen Australian Classic Coleslaw, Pasta or Potato Salad 400g Pack
Coles Kitchen Australian Classic Coleslaw, Pasta or Potato Salad 400g Pack
Down Down Was $5.80 on Aug 2025
$5.00 each
$12.50 per kg

You can purchase this product starting Wednesday 24th September
Shop special
Coles Dry Roasted or Roasted & Salted Mixed Nuts 400g Pack
Coles Dry Roasted or Roasted & Salted Mixed Nuts 400g Pack
Was $14.00, Save $2.00
$12.00 pk
$30.00 per kg

You can purchase this product starting Wednesday 24th September
Shop special
Coles Dry Roasted or Roasted & Salted Cashews 750g Pack
Coles Dry Roasted or Roasted & Salted Cashews 750g Pack
Was $18.00, Save $4.00
$14.00 pk
$18.67 per kg

You can purchase this product starting Wednesday 24th September
Shop special
Australian Gourmet Tomatoes
Australian Gourmet Tomatoes
$3.90 kg
$3.90 per kg

You can purchase this product starting Wednesday 24th September
Shop special
John West Salmon 95g
John West Salmon 95g
Was $3.30, Save $1.65
$1.65 each
$17.37 per kg

You can purchase this product starting Wednesday 24th September
Shop special
Red Rock Deli Potato Chips 150g-165g
Red Rock Deli Potato Chips 150g-165g
Was $6.00, Save $3.00
$3.00 each
You can purchase this product starting Wednesday 24th September
Shop special
Mars M&M's, Maltesers or Pods 120g-180g
Mars M&M's, Maltesers or Pods 120g-180g
Was $7.00, Save $3.50
$3.50 each
You can purchase this product starting Wednesday 24th September
Shop special
I&J Raw Peeled Prawns Tail On or Tail Off 500g
I&J Raw Peeled Prawns Tail On or Tail Off 500g
Was $24.00, Save $12.00
$12.00 each
$24.00 per kg

You can purchase this product starting Wednesday 24th September
Shop special
U By Kotex Ultra Thin Pads with Wings Regular 14 Pack or Super 12 Pack
U By Kotex Ultra Thin Pads with Wings Regular 14 Pack or Super 12 Pack
Was $5.00, Save $2.50
$2.50 each
You can purchase this product starting Wednesday 24th September
Shop special
Omo Laundry Liquid 2 Litre or Powder 2kg
Omo Laundry Liquid 2 Litre or Powder 2kg
Was $30.00, Save $15.00
$15.00 each
You can purchase this product starting Wednesday 24th September
Shop special
Coles Australian Carrots 1kg Bag
Coles Australian Carrots 1kg Bag
$1.70 bag
$1.70 per kg

You can purchase this product starting Wednesday 24th September
Shop special
Ritz Crackers 227g
Ritz Crackers 227g
Was $3.50, Save $1.75
$1.75 each
$0.77 per 100g

You can purchase this product starting Wednesday 24th September
Shop special
Kellogg's K-Time Baked Twists 185g
Kellogg's K-Time Baked Twists 185g
Was $5.50, Save $2.75
$2.75 each
$1.49 per 100g

You can purchase this product starting Wednesday 24th September
Shop special
Fibre One Bars or Squares 105g-120g or Nature Valley Crunchy Bars 252g
Fibre One Bars or Squares 105g-120g or Nature Valley Crunchy Bars 252g
Was $6.90, Save $3.45
$3.45 each
You can purchase this product starting Wednesday 24th September
Shop special
Kellogg's Nutri Grain 765g or Just Right Cereal 740g
Kellogg's Nutri Grain 765g or Just Right Cereal 740g
Was $10.80, Save $5.40
$5.40 each
You can purchase this product starting Wednesday 24th September
Shop special
Nescafé Coffee Sachets 8 Pack-10 Pack
Nescafé Coffee Sachets 8 Pack-10 Pack
Was $8.00, Save $4.00
$4.00 each
You can purchase this product starting Wednesday 24th September
Shop special
Moccona Liquid Espresso Coffee Sachets 8 Pack
Moccona Liquid Espresso Coffee Sachets 8 Pack
Was $8.60, Save $4.30
$4.30 each
$0.54 per each

You can purchase this product starting Wednesday 24th September
Shop special
Leggo's Chunky Pasta Sauce 490g-500g
Leggo's Chunky Pasta Sauce 490g-500g
Was $4.60, Save $2.30
$2.30 each
You can purchase this product starting Wednesday 24th September
Shop special
La Española Olive Oil 500mL
La Española Olive Oil 500mL
Was $16.00, Save $8.00
$8.00 each
$1.60 per 100mL

You can purchase this product starting Wednesday 24th September
Shop special
Gold Sunset Vegetable or Canola Oil 4 Litre
Gold Sunset Vegetable or Canola Oil 4 Litre
Was $30.00, Save $17.00
$13.00 each
$0.33 per 100mL

You can purchase this product starting Wednesday 24th September
Shop special
U By Kotex Sports Tampons Regular 16 Pack
U By Kotex Sports Tampons Regular 16 Pack
Was $5.90, Save $2.95
$2.95 each
$0.18 per each

You can purchase this product starting Wednesday 24th September
Shop special
Palmolive Liquid Hand Wash Refill 1 Litre
Palmolive Liquid Hand Wash Refill 1 Litre
Was $7.50, Save $3.75
$3.75 each
$0.38 per 100mL

You can purchase this product starting Wednesday 24th September
Shop special
Brut 48hr Endurance Antiperspirant Aerosol Deodorant 212mL
Brut 48hr Endurance Antiperspirant Aerosol Deodorant 212mL
Was $8.50, Save $4.25
$4.25 each
$2.00 per 100mL

You can purchase this product starting Wednesday 24th September
Shop special
Rexona 48hr Aerosol Deodorant 250mL
Rexona 48hr Aerosol Deodorant 250mL
Was $8.50, Save $4.25
$4.25 each
$1.70 per 100mL

You can purchase this product starting Wednesday 24th September
Shop special
Lynx Fine Fragrance Deodorant Body Spray 150mL
Lynx Fine Fragrance Deodorant Body Spray 150mL
Was $10.00, Save $5.00
$5.00 each
$3.33 per 100mL

You can purchase this product starting Wednesday 24th September
Shop special
Head & Shoulders Shampoo or Conditioner 660mL
Head & Shoulders Shampoo or Conditioner 660mL
Was $21.00, Save $10.50
$10.50 each
$1.59 per 100mL

You can purchase this product starting Wednesday 24th September
Shop special
Ogx Argan Oil of Morocco Shampoo or Conditioner 385mL
Ogx Argan Oil of Morocco Shampoo or Conditioner 385mL
Was $23.00, Save $11.50
$11.50 each
$2.99 per 100mL

You can purchase this product starting Wednesday 24th September
Shop special
Cenovis Magnesium Tablets 200 Pack^
Cenovis Magnesium Tablets 200 Pack^
Was $28.50, Save $14.25
$14.25 each
$7.13 per 100 each

You can purchase this product starting Wednesday 24th September
Shop special
Nature's Own Glucosamine Sulfate with Chondroitin Tablets 200 Pack^
Nature's Own Glucosamine Sulfate with Chondroitin Tablets 200 Pack^
Was $36.00, Save $18.00
$18.00 each
$9.00 per 100 each

You can purchase this product starting Wednesday 24th September
Shop special
Ostelin Calcium DK2 Tablets 60 Pack^
Ostelin Calcium DK2 Tablets 60 Pack^
Was $41.00, Save $20.50
$20.50 each
$34.17 per 100 each

You can purchase this product starting Wednesday 24th September
Shop special
Dynamo Professional Laundry Liquid 2 Litre or Capsules 29 Pack
Dynamo Professional Laundry Liquid 2 Litre or Capsules 29 Pack
Was $29.00, Save $14.50
$14.50 each
You can purchase this product starting Wednesday 24th September
Shop special
Downy Concentrate Fabric Conditioner 800mL-900mL
Downy Concentrate Fabric Conditioner 800mL-900mL
Was $13.00, Save $6.50
$6.50 each
You can purchase this product starting Wednesday 24th September
Shop special
Comfort Fabric Conditioner Fragrance Collection 900mL
Comfort Fabric Conditioner Fragrance Collection 900mL
Was $11.00, Save $5.50
$5.50 each
$6.11 per litre

You can purchase this product starting Wednesday 24th September
Shop special
Scentory Room Spray 250mL
Scentory Room Spray 250mL
Was $10.00, Save $5.00
$5.00 each
$2.00 per 100mL

You can purchase this product starting Wednesday 24th September
Shop special
Botanica by Air Wick Wax Blended Candle 1 Each
Botanica by Air Wick Wax Blended Candle 1 Each
Was $35.00, Save $17.50
$17.50 each
$17.50 per each

You can purchase this product starting Wednesday 24th September
Shop special
Palmolive Ultra Dishwashing Liquid 500mL
Palmolive Ultra Dishwashing Liquid 500mL
Was $5.00, Save $2.50
$2.50 each
$0.50 per 100mL

You can purchase this product starting Wednesday 24th September
Shop special
White King Power Toilet Gel 700mL
White King Power Toilet Gel 700mL
Was $6.20, Save $3.10
$3.10 each
$0.44 per 100mL

You can purchase this product starting Wednesday 24th September
Shop special
Bref In The Bowl Toilet Cleaner 2 Pack 100g
Bref In The Bowl Toilet Cleaner 2 Pack 100g
Was $11.00, Save $5.50
$5.50 each
$5.50 per 100g

You can purchase this product starting Wednesday 24th September
Shop special
Fairy Platinum Plus Stain Remover Dishwashing Tablets 68 Pack
Fairy Platinum Plus Stain Remover Dishwashing Tablets 68 Pack
Was $60.00, Save $30.00
$30.00 each
$0.44 per each

You can purchase this product starting Wednesday 24th September
Shop special
Twisties, Burger Rings or Cheetos 65g-90g
Twisties, Burger Rings or Cheetos 65g-90g
Was $2.70, Save $1.35
$1.35 each
You can purchase this product starting Wednesday 24th September
Shop special
Doritos or XXL Corn Chips 150g-170g
Doritos or XXL Corn Chips 150g-170g
Was $5.00, Save $2.50
$2.50 each
You can purchase this product starting Wednesday 24th September
Shop special
Kettle Ridge Cut Potato Chips 165g
Kettle Ridge Cut Potato Chips 165g
Was $6.00, Save $3.00
$3.00 each
$1.82 per 100g

You can purchase this product starting Wednesday 24th September
Shop special
Schweppes Mixers or Soft Drink 1.1 Litre
Schweppes Mixers or Soft Drink 1.1 Litre
Was $3.00, Save $1.50
$1.50 each
$1.36 per litre

You can purchase this product starting Wednesday 24th September
Shop special
Mt Franklin Lightly Sparkling Water 1.25 Litre
Mt Franklin Lightly Sparkling Water 1.25 Litre
Was $3.25, Save $1.63
$1.62 each
$1.30 per litre

You can purchase this product starting Wednesday 24th September
Shop special
Raw C Coconut Water 1 Litre
Raw C Coconut Water 1 Litre
Was $5.50, Save $2.75
$2.75 each
$2.75 per litre

You can purchase this product starting Wednesday 24th September
Shop special
Golden Circle Zero Sugar Cordial 2 Litre
Golden Circle Zero Sugar Cordial 2 Litre
Was $5.50, Save $2.75
$2.75 each
$1.38 per litre

You can purchase this product starting Wednesday 24th September
Shop special
Coca-Cola, Fanta or Sprite Soft Drink 10x375mL
Coca-Cola, Fanta or Sprite Soft Drink 10x375mL
Was $20.00, Save $10.00
$10.00 each
$2.67 per litre

You can purchase this product starting Wednesday 24th September
Shop special
Mt Franklin Lightly Sparkling Water 10x375mL
Mt Franklin Lightly Sparkling Water 10x375mL
Was $20.00, Save $10.00
$10.00 each
$2.67 per litre

You can purchase this product starting Wednesday 24th September
Shop special
Mars Chocolate Bar 30g-56g
Mars Chocolate Bar 30g-56g
Was $2.50, Save $1.25
$1.25 each
You can purchase this product starting Wednesday 24th September
Shop special
Nestlé Chocolate Bar 35g-50g
Nestlé Chocolate Bar 35g-50g
Was $3.00, Save $1.50
$1.50 each
You can purchase this product starting Wednesday 24th September
Shop special
Haribo 140g-150g
Haribo 140g-150g
Was $4.00, Save $2.00
$2.00 each
You can purchase this product starting Wednesday 24th September
Shop special
Oreo Mini Creme Cookies 10 Pack 204g
Oreo Mini Creme Cookies 10 Pack 204g
Was $5.00, Save $2.50
$2.50 each
$1.23 per 100g

You can purchase this product starting Wednesday 24th September
Shop special
The Natural Confectionery Co. 130g-230g or Sour Patch 190g
The Natural Confectionery Co. 130g-230g or Sour Patch 190g
Was $5.00, Save $2.50
$2.50 each
You can purchase this product starting Wednesday 24th September
Shop special
Cadbury Milk Chocolate Fingers 114g
Cadbury Milk Chocolate Fingers 114g
Was $5.50, Save $2.75
$2.75 each
$2.41 per 100g

You can purchase this product starting Wednesday 24th September
Shop special
Cadbury Dairy Milk Block Chocolate 150g-190g
Cadbury Dairy Milk Block Chocolate 150g-190g
Was $8.00, Save $4.00
$4.00 each
You can purchase this product starting Wednesday 24th September
Shop special
Cadbury Favourites 680g-700g
Cadbury Favourites 680g-700g
Was $30.00, Save $15.00
$15.00 each
You can purchase this product starting Wednesday 24th September
Shop special
Lindt Cornet 327g-333g
Lindt Cornet 327g-333g
Was $34.00, Save $17.00
$17.00 each
You can purchase this product starting Wednesday 24th September
Shop special
Tip Top White Rolls 6 Pack 450g-520g
Tip Top White Rolls 6 Pack 450g-520g
Was $4.70, Save $1.00
$3.70 each
You can purchase this product starting Wednesday 24th September
Shop special
Coles Finest Sausages 450g-500g
Coles Finest Sausages 450g-500g
Was $9.00, Save $1.00
$8.00 pk
You can purchase this product starting Wednesday 24th September
Shop special
Coles Finest Beef Brisket Burgers 600g
Coles Finest Beef Brisket Burgers 600g
Was $11.00, Save $1.50
$9.50 pk
$15.83 per kg

You can purchase this product starting Wednesday 24th September
Shop special
Coles Entertaining Chicken Tenderloin Skewers 300g, Beef Sliders 500g or Pork Kransky Bites 400g
Coles Entertaining Chicken Tenderloin Skewers 300g, Beef Sliders 500g or Pork Kransky Bites 400g
Save $2.00
Any 2 for $15.00
You can purchase this product starting Wednesday 24th September
Shop special
Olina's Artisan Crackers 90g-100g
Olina's Artisan Crackers 90g-100g
Was $5.00, Save $2.00
$3.00 each
You can purchase this product starting Wednesday 24th September
Shop special
La Famiglia Garlic Bread Slices 270g
La Famiglia Garlic Bread Slices 270g
Was $6.50, Save $2.50
$4.00 each
$1.48 per 100g

You can purchase this product starting Wednesday 24th September
Shop special
Black Swan Crafted Dip 150g-170g
Black Swan Crafted Dip 150g-170g
Down Down Was $5.00 on Aug 2025
$4.20 each
You can purchase this product starting Wednesday 24th September
Shop special
Coles Cream Cheese 190g
Coles Cream Cheese 190g
Every Day
$4.00 each
$21.05 per kg

You can purchase this product starting Wednesday 24th September
Shop special
Coles Pre-Packed Antipasto 110g-135g
Coles Pre-Packed Antipasto 110g-135g
Save $1.00
2 for $6.50
You can purchase this product starting Wednesday 24th September
Shop special
Atiru Marlborough Sauvignon Blanc 750mL
Atiru Marlborough Sauvignon Blanc 750mL
Was $15.00
$10.00 each
You can purchase this product starting Wednesday 24th September
Shop special
Coles Bakery Pizza Rolls 2 Pack
Coles Bakery Pizza Rolls 2 Pack
Was $4.15, Save $0.65
$3.50 pk
$1.75 per each

You can purchase this product starting Wednesday 24th September
Shop special
Coles RSPCA Approved Chicken Southern Thigh Fillet Burgers 400g
Coles RSPCA Approved Chicken Southern Thigh Fillet Burgers 400g
Was $9.00, Save $1.00
$8.00 pk
$20.00 per kg

You can purchase this product starting Wednesday 24th September
Shop special
Bundaberg Brewed Soft Drink 4x375mL
Bundaberg Brewed Soft Drink 4x375mL
Was $7.70, Save $1.95
$5.75 each
$3.83 per litre

You can purchase this product starting Wednesday 24th September
Shop special
Birds Eye Golden Crunch Chips 900g
Birds Eye Golden Crunch Chips 900g
Was $6.00, Save $1.20
$4.80 each
$5.33 per kg

You can purchase this product starting Wednesday 24th September
Shop special
Four'N Twenty Traditional Pies 4 Pack 700g
Four'N Twenty Traditional Pies 4 Pack 700g
Was $9.50, Save $2.60
$6.90 each
$0.99 per 100g

You can purchase this product starting Wednesday 24th September
Shop special
Dimmies & Tinnies Dim Sims 1.2kg
Dimmies & Tinnies Dim Sims 1.2kg
Every Day
$15.00 each
$1.25 per 100g

You can purchase this product starting Wednesday 24th September
Shop special
Arnott's Tim Tam Biscuits 165g-200g
Arnott's Tim Tam Biscuits 165g-200g
Was $6.00, Save $1.50
$4.50 each
You can purchase this product starting Wednesday 24th September
Shop special
Darrell Lea Bullets or Choc Twists 150g-204g
Darrell Lea Bullets or Choc Twists 150g-204g
Was $6.00, Save $1.50
$4.50 each
You can purchase this product starting Wednesday 24th September
Shop special
Lindt Excellence Block Chocolate 80g-100g
Lindt Excellence Block Chocolate 80g-100g
Was $8.50, Save $2.55
$5.95 each
You can purchase this product starting Wednesday 24th September
Shop special
Arnott's Creams Biscuits or Jatz Crackers 200g-250g
Arnott's Creams Biscuits or Jatz Crackers 200g-250g
Save $2.00
2 for $6.00
You can purchase this product starting Wednesday 24th September
Shop special
Smith's Crinkle Cut Potato Chips or Double Crunch 150g-170g
Smith's Crinkle Cut Potato Chips or Double Crunch 150g-170g
Save $4.00
2 for $6.00
You can purchase this product starting Wednesday 24th September
Shop special
Cadbury Chocolate Coated Fruit or Nut Jar 270g-340g
Cadbury Chocolate Coated Fruit or Nut Jar 270g-340g
Was $13.00, Save $4.00
$9.00 each
You can purchase this product starting Wednesday 24th September
Shop special
Remedy Sodaly 4x250mL
Remedy Sodaly 4x250mL
Down Down Was $8.25 on Aug 2025
$5.90 each
$5.90 per litre

You can purchase this product starting Wednesday 24th September
Shop special
Coca-Cola Soft Drink 15x250mL
Coca-Cola Soft Drink 15x250mL
Every Day
$15.00 each
$4.00 per litre

You can purchase this product starting Wednesday 24th September
Shop special
Coca-Cola Soft Drink 30x375mL
Coca-Cola Soft Drink 30x375mL
Was $50.00, Save $20.00
$30.00 each
$2.67 per litre

You can purchase this product starting Wednesday 24th September
Shop special
Coles Soft Drink 1.25 Litre
Coles Soft Drink 1.25 Litre
Every Day
$1.15 each
$0.92 per litre

You can purchase this product starting Wednesday 24th September
Shop special
Coles Wafer Thin Crackers 100g
Coles Wafer Thin Crackers 100g
Every Day
$1.90 each
$1.90 per 100g

You can purchase this product starting Wednesday 24th September
Shop special
Coles Tomato or Barbecue Sauce 500mL
Coles Tomato or Barbecue Sauce 500mL
Every Day
$2.00 each
$0.40 per 100mL

You can purchase this product starting Wednesday 24th September
Shop special
Coles Corn Chips 175g
Coles Corn Chips 175g
Every Day
$2.20 each
$1.26 per 100g

You can purchase this product starting Wednesday 24th September
Shop special
Coles Sesame Bread Sticks 125g
Coles Sesame Bread Sticks 125g
Every Day
$2.50 each
$2.00 per 100g

You can purchase this product starting Wednesday 24th September
Shop special
Coles Dip 200g
Coles Dip 200g
Every Day
$2.60 each
$1.30 per 100g

You can purchase this product starting Wednesday 24th September
Shop special
Coles Finest Triple Cream Brie 200g
Coles Finest Triple Cream Brie 200g
Every Day
$5.00 each
$25.00 per kg

You can purchase this product starting Wednesday 24th September
Shop special
Coles Chocolate & Strawberry Vanilla Milkshake Pops 8 Pack 440mL
Coles Chocolate & Strawberry Vanilla Milkshake Pops 8 Pack 440mL
Every Day
$5.00 each
$1.14 per 100mL

You can purchase this product starting Wednesday 24th September
Shop special
Coles Frozen Party Sausage Rolls 24 Pack 900g
Coles Frozen Party Sausage Rolls 24 Pack 900g
Every Day
$9.00 each
$1.00 per 100g

You can purchase this product starting Wednesday 24th September
Shop special
Gatorade Sports Drink 600mL
Gatorade Sports Drink 600mL
Was $4.20, Save $1.70
$2.50 each
$4.17 per litre

You can purchase this product starting Wednesday 24th September
Shop special
G Active Water 600mL
G Active Water 600mL
Was $4.20, Save $1.70
$2.50 each
$4.17 per litre

You can purchase this product starting Wednesday 24th September
Shop special
Red Bull Energy Drink 4x250mL
Red Bull Energy Drink 4x250mL
Was $12.50, Save $5.00
$7.50 each
$7.50 per litre

You can purchase this product starting Wednesday 24th September
Shop special
Pepsi Max or Solo Zero Sugar Soft Drink 24x375mL
Pepsi Max or Solo Zero Sugar Soft Drink 24x375mL
Was $37.50, Save $15.00
$22.50 each
$2.50 per litre

You can purchase this product starting Wednesday 24th September
Shop special
Coca-Cola Zero Sugar Soft Drink 30x375mL
Coca-Cola Zero Sugar Soft Drink 30x375mL
Was $50.00, Save $20.00
$30.00 each
$2.67 per litre

You can purchase this product starting Wednesday 24th September
Shop special
Coca-Cola Zero Sugar Soft Drink 15x250mL
Coca-Cola Zero Sugar Soft Drink 15x250mL
Every Day
$15.00 each
$4.00 per litre

You can purchase this product starting Wednesday 24th September
Shop special
Coca-Cola Zero Sugar Soft Drink 1.25 Litre
Coca-Cola Zero Sugar Soft Drink 1.25 Litre
Was $4.00, Save $2.00
$2.00 each
$1.60 per litre

You can purchase this product starting Wednesday 24th September
Shop special
Coca-Cola Zero Sugar Soft Drink 10x375mL
Coca-Cola Zero Sugar Soft Drink 10x375mL
Was $20.00, Save $10.00
$10.00 each
$2.67 per litre

You can purchase this product starting Wednesday 24th September
Shop special
McCain Airfryer Chips 750g
McCain Airfryer Chips 750g
Was $5.80, Save $2.90
$2.90 each
$3.87 per kg

You can purchase this product starting Wednesday 24th September
Shop special
Proud & Punch Frozen Dessert Sticks 6 Pack 420mL-450mL
Proud & Punch Frozen Dessert Sticks 6 Pack 420mL-450mL
Was $8.50, Save $4.25
$4.25 each
You can purchase this product starting Wednesday 24th September
Shop special
Sara Lee Frozen Cheesecake 360g-425g
Sara Lee Frozen Cheesecake 360g-425g
Was $9.00, Save $4.50
$4.50 each
You can purchase this product starting Wednesday 24th September
Shop special
Coles Frozen Sweet Potato Chips 750g
Coles Frozen Sweet Potato Chips 750g
Every Day
$5.00 each
$6.67 per kg

You can purchase this product starting Wednesday 24th September
Shop special
Edgell Chiko Rolls 4 Pack 650g
Edgell Chiko Rolls 4 Pack 650g
Down Down Was $7.50 on Aug 2025
$6.00 each
$0.92 per 100g

You can purchase this product starting Wednesday 24th September
Shop special
Herbert Adams Slow Cooked Beef Pies 2 Pack 400g-420g
Herbert Adams Slow Cooked Beef Pies 2 Pack 400g-420g
Was $10.00, Save $3.10
$6.90 each
You can purchase this product starting Wednesday 24th September
Shop special
Patties Party Pack 30 Pack 1.25kg
Patties Party Pack 30 Pack 1.25kg
Was $18.00, Save $7.20
$10.80 each
$0.86 per 100g

You can purchase this product starting Wednesday 24th September
Shop special
Dr. Oetker Ristorante Pizza 310g-390g
Dr. Oetker Ristorante Pizza 310g-390g
Was $9.50, Save $2.50
$7.00 each
You can purchase this product starting Wednesday 24th September
Shop special
Black Swan Favourites Dip 180g-200g, Yumi's Dip 200g or Red Rock Deli Dip 130g-135g
Black Swan Favourites Dip 180g-200g, Yumi's Dip 200g or Red Rock Deli Dip 130g-135g
Save $2.00
Any 2 for $7.00
You can purchase this product starting Wednesday 24th September
Shop special
Obela Garnished Hommus Dip 220g
Obela Garnished Hommus Dip 220g
Was $5.50, Save $1.50
$4.00 each
$1.82 per 100g

You can purchase this product starting Wednesday 24th September
Shop special
Tasmanian Heritage Double Cream Brie or Camembert 200g
Tasmanian Heritage Double Cream Brie or Camembert 200g
Was $11.95, Save $6.05
$5.90 each
$29.50 per kg

You can purchase this product starting Wednesday 24th September
Shop special
Don Footy Franks Skinless 600g
Don Footy Franks Skinless 600g
Was $7.80, Save $1.30
$6.50 pk
$10.83 per kg

You can purchase this product starting Wednesday 24th September
Shop special
Yumi's Falafel Balls 225g
Yumi's Falafel Balls 225g
Down Down Was $6.50 on Aug 2025
$5.50 each
$2.44 per 100g

You can purchase this product starting Wednesday 24th September
Shop special
Philadelphia Cream Cheese Block 250g
Philadelphia Cream Cheese Block 250g
Was $5.70, Save $1.20
$4.50 each
$18.00 per kg

You can purchase this product starting Wednesday 24th September
Shop special
Mersey Valley Cheese 235g
Mersey Valley Cheese 235g
Was $9.90, Save $3.00
$6.90 each
$29.36 per kg

You can purchase this product starting Wednesday 24th September
Shop special
Bega Cheese Slices 500g
Bega Cheese Slices 500g
Was $11.00, Save $1.00
$10.00 each
$20.00 per kg

You can purchase this product starting Wednesday 24th September
Shop special
Coles Australian Pork Mince 3 Star Regular 500g
Coles Australian Pork Mince 3 Star Regular 500g
Down Down Was $6.00 on Aug 2025
$5.00 pk
$10.00 per kg

You can purchase this product starting Wednesday 24th September
Shop special
Coles Australian Pork Thin Cut Loin Steaks 500g
Coles Australian Pork Thin Cut Loin Steaks 500g
Down Down Was $10.00 on Aug 2025
$9.00 pk
$18.00 per kg

You can purchase this product starting Wednesday 24th September
Shop special
Coles Free Range RSPCA Approved Chicken Breast Large Pack
Coles Free Range RSPCA Approved Chicken Breast Large Pack
Down Down Was $15.00 kg on Aug 2025
$13.50 kg
$13.50 per kg

You can purchase this product starting Wednesday 24th September
Shop special
Coles Australian No Added Hormones GRAZE Grass Fed Beef New York Strip Steak 380g
Coles Australian No Added Hormones GRAZE Grass Fed Beef New York Strip Steak 380g
Was $20.00, Save $3.00
$17.00 pk
$44.74 per kg

You can purchase this product starting Wednesday 24th September
Shop special
Coles Australian No Added Hormones Beef Slow Cook Short Ribs
Coles Australian No Added Hormones Beef Slow Cook Short Ribs
Was $18.00, Save $2.00 kg
$16.00 kg
$16.00 per kg

You can purchase this product starting Wednesday 24th September
Shop special
Coles Australian No Added Hormones Beef Slow Cook Brisket
Coles Australian No Added Hormones Beef Slow Cook Brisket
Was $17.00, Save $2.00 kg
$15.00 kg
$15.00 per kg

You can purchase this product starting Wednesday 24th September
Shop special
Coles Made Easy Slow Cooked Honey BBQ Pork Belly Bites 500g
Coles Made Easy Slow Cooked Honey BBQ Pork Belly Bites 500g
Was $14.00, Save $3.00
$11.00 pk
$22.00 per kg

You can purchase this product starting Wednesday 24th September
Shop special
Coles RSPCA Approved Chicken Boneless Herb & Garlic 1kg
Coles RSPCA Approved Chicken Boneless Herb & Garlic 1kg
Was $13.00, Save $1.50
$11.50 pk
$11.50 per kg

You can purchase this product starting Wednesday 24th September
Shop special
Coles Australian Lamb Loin Chops
Coles Australian Lamb Loin Chops
Was $33.00, Save $7.00 kg
$26.00 kg
$26.00 per kg

You can purchase this product starting Wednesday 24th September
Shop special
Coles Australian No Added Hormones Beef Rump Steak 2 Pack 500g
Coles Australian No Added Hormones Beef Rump Steak 2 Pack 500g
Was $15.00, Save $4.00
$11.00 pk
$22.00 per kg

You can purchase this product starting Wednesday 24th September
Shop special
Coles Queensland Thawed Cooked Extra Large Black Tiger Prawns
Coles Queensland Thawed Cooked Extra Large Black Tiger Prawns
Was $39.00, Save $11.00 kg
$28.00 kg
$28.00 per kg

You can purchase this product starting Wednesday 24th September
Shop special
Tassal Smoked Salmon 150g
Tassal Smoked Salmon 150g
Was $15.00, Save $5.00
$10.00 pk
$66.67 per kg

You can purchase this product starting Wednesday 24th September
Shop special
Hans Twiggy Sticks 500g
Hans Twiggy Sticks 500g
Was $16.00, Save $5.00
$11.00 pk
$22.00 per kg

You can purchase this product starting Wednesday 24th September
Shop special
Karumba Australian MSC Certified Thawed Raw Banana Prawns
Karumba Australian MSC Certified Thawed Raw Banana Prawns
Was $22.00, Save $3.00 kg
$19.00 kg
$19.00 per kg

You can purchase this product starting Wednesday 24th September
Shop special
Coles Australian Fresh Barramundi Portions Skin On
Coles Australian Fresh Barramundi Portions Skin On
Was $36.00, Save $8.00 kg
$28.00 kg
$28.00 per kg

You can purchase this product starting Wednesday 24th September
Shop special
Coles Tasmanian Salmon Portions Skin On 4 Pack 460g
Coles Tasmanian Salmon Portions Skin On 4 Pack 460g
Down Down Was $19.50 on Aug 2025
$17.50 pk
$38.04 per kg

You can purchase this product starting Wednesday 24th September
Shop special
Coles Kitchen Tomato Pizza Base 300g
Coles Kitchen Tomato Pizza Base 300g
Every Day
$3.00 each
$1.00 per 100g

You can purchase this product starting Wednesday 24th September
Shop special
Coles Kitchen Garlic Baguette Twin Pack 450g
Coles Kitchen Garlic Baguette Twin Pack 450g
Every Day
$3.40 each
$0.76 per 100g

You can purchase this product starting Wednesday 24th September
Shop special
Coles Beef Lasagne 1.8kg
Coles Beef Lasagne 1.8kg
Every Day
$12.50 each
$0.69 per 100g

You can purchase this product starting Wednesday 24th September
Shop special
Dari’s Soup 550g
Dari’s Soup 550g
Was $6.80, Save $1.40
$5.40 each
$0.98 per 100g

You can purchase this product starting Wednesday 24th September
Shop special
On the Menu Pasta Sauce 425g
On the Menu Pasta Sauce 425g
Was $7.50, Save $2.50
$5.00 each
$1.18 per 100g

You can purchase this product starting Wednesday 24th September
Shop special
On The Menu Filled Pasta 600g
On The Menu Filled Pasta 600g
Was $11.00, Save $4.00
$7.00 each
$1.17 per 100g

You can purchase this product starting Wednesday 24th September
Shop special
Dare Flavoured Milk 750mL
Dare Flavoured Milk 750mL
Was $5.40, Save $1.10
$4.30 each
$5.73 per litre

You can purchase this product starting Wednesday 24th September
Shop special
Perfect Italiano Grated Cheese 250g
Perfect Italiano Grated Cheese 250g
Down Down Was $6.50 on Aug 2025
$5.80 each
$23.20 per kg

You can purchase this product starting Wednesday 24th September
Shop special
Bega Cheese Block or Grated 500g
Bega Cheese Block or Grated 500g
Was $10.50, Save $1.00
$9.50 each
$19.00 per kg

You can purchase this product starting Wednesday 24th September
Shop special
Devondale Shredded Cheese 750g
Devondale Shredded Cheese 750g
Every Day
$13.50 each
$18.00 per kg

You can purchase this product starting Wednesday 24th September
Shop special
Danone YoPro Protein Yoghurt Pouch 150g
Danone YoPro Protein Yoghurt Pouch 150g
Was $3.00, Save $0.60
$2.40 each
$1.60 per 100g

You can purchase this product starting Wednesday 24th September
Shop special
Danone YoPro Perform Protein Yoghurt 175g
Danone YoPro Perform Protein Yoghurt 175g
Was $3.70, Save $1.50
$2.20 each
$1.26 per 100g

You can purchase this product starting Wednesday 24th September
Shop special
Pauls Plus+ Protein Low Fat Milk 400mL
Pauls Plus+ Protein Low Fat Milk 400mL
Was $4.40, Save $1.50
$2.90 each
$7.25 per litre

You can purchase this product starting Wednesday 24th September
Shop special
Oak Plus Protein Milk 500mL
Oak Plus Protein Milk 500mL
Down Down Was $4.40 on Sep 2025
$3.90 each
$7.80 per litre

You can purchase this product starting Wednesday 24th September
Shop special
Coles Nature's Kitchen Plant Based Firm Tofu 300g
Coles Nature's Kitchen Plant Based Firm Tofu 300g
Every Day
$2.30 each
$0.77 per 100g

You can purchase this product starting Wednesday 24th September
Shop special
Vegie Delights Plant Based Sausages 300g
Vegie Delights Plant Based Sausages 300g
Was $7.50, Save $1.50
$6.00 each
$2.00 per 100g

You can purchase this product starting Wednesday 24th September
Shop special
Mr Kipling Cakes or Slices 155g-165g
Mr Kipling Cakes or Slices 155g-165g
Was $6.00, Save $3.00
$3.00 each
You can purchase this product starting Wednesday 24th September
Shop special
Golden Crumpet Rounds 6 Pack 300g
Golden Crumpet Rounds 6 Pack 300g
Was $4.60, Save $2.30
$2.30 each
$0.77 per 100g

You can purchase this product starting Wednesday 24th September
Shop special
Mission Souvlaki Bread 320g
Mission Souvlaki Bread 320g
Was $4.50, Save $1.00
$3.50 each
$1.09 per 100g

You can purchase this product starting Wednesday 24th September
Shop special
Wonder White Bread 680g-700g
Wonder White Bread 680g-700g
Every Day
$4.50 each
You can purchase this product starting Wednesday 24th September
Shop special
Simson's Pantry Low Carb High Protein White Wraps 5 Pack 225g
Simson's Pantry Low Carb High Protein White Wraps 5 Pack 225g
Down Down Was $5.50 on Aug 2025
$4.70 each
$2.09 per 100g

You can purchase this product starting Wednesday 24th September
Shop special
Coles Bakery Stone Baked by Laurent Mini Pane di Casa
Coles Bakery Stone Baked by Laurent Mini Pane di Casa
Down Down Was $3.25 on Aug 2025
$2.50 each
$2.50 per each

You can purchase this product starting Wednesday 24th September
Shop special
Coles Muffins 4 Pack 420g or 9 Pack 315g
Coles Muffins 4 Pack 420g or 9 Pack 315g
Down Down Was $4.90 on Jul 2025
$4.50 each
You can purchase this product starting Wednesday 24th September
Shop special
Coles Bakery Cookies 24 Pack
Coles Bakery Cookies 24 Pack
Was $6.50, Save $1.50
$5.00 each
$0.21 per each

You can purchase this product starting Wednesday 24th September
Shop special
Coles Bakery Rolls 6 Pack
Coles Bakery Rolls 6 Pack
Every Day
$3.00 pk
$0.50 per each

You can purchase this product starting Wednesday 24th September
Shop special
Coles Bake at Home Dinner Rolls 6 Pack 220g-260g
Coles Bake at Home Dinner Rolls 6 Pack 220g-260g
Every Day
$2.90 each
You can purchase this product starting Wednesday 24th September
Shop special
Continental Cup a Soup 2 Serves 50g-75g
Continental Cup a Soup 2 Serves 50g-75g
Was $2.80, Save $1.40
$1.40 each
You can purchase this product starting Wednesday 24th September
Shop special
Heinz Ketchup 500mL
Heinz Ketchup 500mL
Was $5.00, Save $2.50
$2.50 each
$0.50 per 100mL

You can purchase this product starting Wednesday 24th September
Shop special
Campbell's Real Stock 500mL
Campbell's Real Stock 500mL
Was $2.75, Save $0.75
$2.00 each
$0.40 per 100mL

You can purchase this product starting Wednesday 24th September
Shop special
Heinz Baked Beanz or Spaghetti 300g
Heinz Baked Beanz or Spaghetti 300g
Was $2.90, Save $0.90
$2.00 each
$0.67 per 100g

You can purchase this product starting Wednesday 24th September
Shop special
Campbell's Country Ladle or Chunky Soup 495g-505g
Campbell's Country Ladle or Chunky Soup 495g-505g
Was $4.50, Save $1.00
$3.50 each
You can purchase this product starting Wednesday 24th September
Shop special
Sirena Tuna 185g
Sirena Tuna 185g
Was $4.70, Save $1.00
$3.70 each
$20.00 per kg

You can purchase this product starting Wednesday 24th September
Shop special
Sunrice Microwave Rice Pouch 450g
Sunrice Microwave Rice Pouch 450g
Was $4.50, Save $0.90
$3.60 each
$0.80 per 100g

You can purchase this product starting Wednesday 24th September
Shop special
Patak's Simmer Sauce 450g
Patak's Simmer Sauce 450g
Was $5.50, Save $1.50
$4.00 each
$0.89 per 100g

You can purchase this product starting Wednesday 24th September
Shop special
Bertolli Olive Oil 750mL
Bertolli Olive Oil 750mL
Was $23.00, Save $8.00
$15.00 each
$2.00 per 100mL

You can purchase this product starting Wednesday 24th September
Shop special
Red Island Extra Virgin Olive Oil 1 Litre
Red Island Extra Virgin Olive Oil 1 Litre
Was $25.00, Save $5.00
$20.00 each
$2.00 per 100mL

You can purchase this product starting Wednesday 24th September
Shop special
Uncle Tobys Plus Antioxidants 435g
Uncle Tobys Plus Antioxidants 435g
Was $6.50, Save $2.60
$3.90 each
$0.90 per 100g

You can purchase this product starting Wednesday 24th September
Shop special
Nestlé Milo Cereal 340g-350g
Nestlé Milo Cereal 340g-350g
Was $7.00, Save $2.80
$4.20 each
You can purchase this product starting Wednesday 24th September
Shop special
Spam Canned Ham 340g
Spam Canned Ham 340g
Was $6.80, Save $2.80
$4.00 each
$11.76 per kg

You can purchase this product starting Wednesday 24th September
Shop special
Twinings Tea Bags 80 Pack-100 Pack
Twinings Tea Bags 80 Pack-100 Pack
Was $13.50, Save $5.50
$8.00 each
You can purchase this product starting Wednesday 24th September
Shop special
Pureharvest Unsweetened Organic Almond Milk 1 Litre
Pureharvest Unsweetened Organic Almond Milk 1 Litre
Was $3.40, Save $0.80
$2.60 each
$2.60 per litre

You can purchase this product starting Wednesday 24th September
Shop special
Bega Smooth or Crunchy Peanut Butter 375g
Bega Smooth or Crunchy Peanut Butter 375g
Was $5.80, Save $1.30
$4.50 each
$1.20 per 100g

You can purchase this product starting Wednesday 24th September
Shop special
Mayver's Pure Goodness Everything Spread 280g
Mayver's Pure Goodness Everything Spread 280g
Down Down Was $7.90 on Sep 2025
$6.50 each
$2.32 per 100g

You can purchase this product starting Wednesday 24th September
Shop special
Golden Circle Apple or Mango Nectar Juice 2 Litre
Golden Circle Apple or Mango Nectar Juice 2 Litre
Was $4.80, Save $1.30
$3.50 each
$1.75 per litre

You can purchase this product starting Wednesday 24th September
Shop special
V8 Juice 1.25 Litre
V8 Juice 1.25 Litre
Was $5.50, Save $1.50
$4.00 each
$3.20 per litre

You can purchase this product starting Wednesday 24th September
Shop special
Frantelle Natural Still Water 24x600mL
Frantelle Natural Still Water 24x600mL
Every Day
$12.00 each
$0.83 per litre

You can purchase this product starting Wednesday 24th September
Shop special
Wellness Road Black Chia Seeds 300g
Wellness Road Black Chia Seeds 300g
Down Down Was $5.80 on Aug 2025
$5.00 each
$1.67 per 100g

You can purchase this product starting Wednesday 24th September
Shop special
Heritage Mill Muesli or Clusters 750g
Heritage Mill Muesli or Clusters 750g
Down Down Was $7.90 on Aug 2025
$6.30 each
$0.84 per 100g

You can purchase this product starting Wednesday 24th September
Shop special
Jed's Coffee Beans 1kg
Jed's Coffee Beans 1kg
Down Down Was $50.00 on Jul 2025
$35.00 each
$3.50 per 100g

You can purchase this product starting Wednesday 24th September
Shop special
Vitasoy Unsweetened Almond Milk 1 Litre
Vitasoy Unsweetened Almond Milk 1 Litre
Was $3.30, Save $1.30
$2.00 each
$2.00 per litre

You can purchase this product starting Wednesday 24th September
Shop special
Mayver's Peanut Butter 375g
Mayver's Peanut Butter 375g
Was $6.30, Save $2.30
$4.00 each
$1.07 per 100g

You can purchase this product starting Wednesday 24th September
Shop special
Capilano 100% Pure Australian Honey Squeeze 500g
Capilano 100% Pure Australian Honey Squeeze 500g
Was $8.60, Save $1.80
$6.80 each
$1.36 per 100g

You can purchase this product starting Wednesday 24th September
Shop special
Vittoria Nespresso Compatible Coffee Capsules 10 Pack
Vittoria Nespresso Compatible Coffee Capsules 10 Pack
Was $9.50, Save $3.00
$6.50 each
$0.65 per each

You can purchase this product starting Wednesday 24th September
Shop special
Vittoria Freeze Dried Instant Coffee 200g
Vittoria Freeze Dried Instant Coffee 200g
Was $23.00, Save $7.00
$16.00 each
$8.00 per 100g

You can purchase this product starting Wednesday 24th September
Shop special
Moccona Freeze Dried Instant Coffee 400g
Moccona Freeze Dried Instant Coffee 400g
Was $37.50, Save $11.50
$26.00 each
$6.50 per 100g

You can purchase this product starting Wednesday 24th September
Shop special
Coles Bacon 200g
Coles Bacon 200g
Save $3.00
2 for $8.00
$20.00 per kg

You can purchase this product starting Wednesday 24th September
Shop special
Chobani Greek Yogurt Pouch 140g
Chobani Greek Yogurt Pouch 140g
Was $2.70, Save $1.35
$1.35 each
$0.96 per 100g

You can purchase this product starting Wednesday 24th September
Shop special
Tamar Valley Dairy Greek Style Yoghurt 1kg
Tamar Valley Dairy Greek Style Yoghurt 1kg
Was $8.00, Save $1.80
$6.20 each
$0.62 per 100g

You can purchase this product starting Wednesday 24th September
Shop special
Farmers Union Greek Style or No Added Sugar Kids Yogurt Pouch 130g
Farmers Union Greek Style or No Added Sugar Kids Yogurt Pouch 130g
Was $2.50, Save $0.85
$1.65 each
$1.27 per 100g

You can purchase this product starting Wednesday 24th September
Shop special
Chobani Greek or No Sugar Added Greek Yogurt 150g-160g
Chobani Greek or No Sugar Added Greek Yogurt 150g-160g
Was $2.70, Save $0.85
$1.85 each
You can purchase this product starting Wednesday 24th September
Shop special
Danone Activia Probiotics No Added Sugar Yoghurt 4x125g
Danone Activia Probiotics No Added Sugar Yoghurt 4x125g
Down Down Was $5.75 on Aug 2025
$4.50 each
$0.90 per 100g

You can purchase this product starting Wednesday 24th September
Shop special
The Juice Lab Wellness Shot 60mL
The Juice Lab Wellness Shot 60mL
Was $3.50, Save $1.00
$2.50 each
$41.67 per litre

You can purchase this product starting Wednesday 24th September
Shop special
Boost Juice 1 Litre
Boost Juice 1 Litre
Was $6.20, Save $1.40
$4.80 each
$4.80 per litre

You can purchase this product starting Wednesday 24th September
Shop special
Tamar Valley Dairy The Creamery Yoghurt 700g
Tamar Valley Dairy The Creamery Yoghurt 700g
Was $7.20, Save $0.90
$6.30 each
$0.90 per 100g

You can purchase this product starting Wednesday 24th September
Shop special
Western Star Spreadable Blend 500g
Western Star Spreadable Blend 500g
Down Down Was $7.50 on Sep 2025
$6.70 each
$1.34 per 100g

You can purchase this product starting Wednesday 24th September
Shop special
McCain Beer Batter Chips 750g
McCain Beer Batter Chips 750g
Was $5.80, Save $1.80
$4.00 each
$5.33 per kg

You can purchase this product starting Wednesday 24th September
Shop special
Pickers Snacks 230g-350g
Pickers Snacks 230g-350g
Was $7.50, Save $2.50
$5.00 each
You can purchase this product starting Wednesday 24th September
Shop special
McCain Red Box Tray Meal 375g-400g
McCain Red Box Tray Meal 375g-400g
Save $3.20
2 for $8.00
You can purchase this product starting Wednesday 24th September
Shop special
McCain Pub Size Meal 480g-500g
McCain Pub Size Meal 480g-500g
Save $4.00
2 for $15.00
You can purchase this product starting Wednesday 24th September
Shop special
Core Powerfoods Frozen Meal 350g
Core Powerfoods Frozen Meal 350g
Was $9.50, Save $2.00
$7.50 each
$2.14 per 100g

You can purchase this product starting Wednesday 24th September
Shop special
Birds Eye Oven Bake Fish Fillets 425g
Birds Eye Oven Bake Fish Fillets 425g
Was $12.00, Save $3.00
$9.00 each
$21.18 per kg

You can purchase this product starting Wednesday 24th September
Shop special
KB's Gyoza 750g
KB's Gyoza 750g
Was $18.00, Save $5.40
$12.60 each
$1.68 per 100g

You can purchase this product starting Wednesday 24th September
Shop special
Toscano Petite Liege Style Waffles 6 Pack 270g
Toscano Petite Liege Style Waffles 6 Pack 270g
Down Down Was $7.00 on Jul 2025
$6.00 each
$2.22 per 100g

You can purchase this product starting Wednesday 24th September
Shop special
Weis Frozen Dessert Bars 4 Pack-6 Pack 264mL-280mL
Weis Frozen Dessert Bars 4 Pack-6 Pack 264mL-280mL
Was $9.50, Save $3.00
$6.50 each
You can purchase this product starting Wednesday 24th September
Shop special
Connoisseur Ice Cream Tub 1 Litre
Connoisseur Ice Cream Tub 1 Litre
Was $12.00, Save $4.80
$7.20 each
$0.72 per 100mL

You can purchase this product starting Wednesday 24th September
Shop special
Weis Frozen Dessert Tub 1 Litre
Weis Frozen Dessert Tub 1 Litre
Was $10.00, Save $2.00
$8.00 each
$0.80 per 100mL

You can purchase this product starting Wednesday 24th September
Shop special
Streets Magnum Sticks 4 Pack-6 Pack 360mL-428mL
Streets Magnum Sticks 4 Pack-6 Pack 360mL-428mL
Was $12.00, Save $3.60
$8.40 each
You can purchase this product starting Wednesday 24th September
Shop special
Peters Original Ice Cream Tub 4 Litre
Peters Original Ice Cream Tub 4 Litre
Was $10.90, Save $2.20
$8.70 each
$0.22 per 100mL

You can purchase this product starting Wednesday 24th September
Shop special
Bulla Creamy Classics Ice Cream Tub 2 Litre
Bulla Creamy Classics Ice Cream Tub 2 Litre
Was $11.00, Save $5.50
$5.50 each
$0.28 per 100mL

You can purchase this product starting Wednesday 24th September
Shop special
Coles Frozen Mango Sorbet Sticks 6 Pack 360mL
Coles Frozen Mango Sorbet Sticks 6 Pack 360mL
Every Day
$6.00 each
$1.67 per 100mL

You can purchase this product starting Wednesday 24th September
Shop special
Streets Blue Ribbon Frozen Dessert Tub 2 Litre
Streets Blue Ribbon Frozen Dessert Tub 2 Litre
Every Day
$6.50 each
$0.33 per 100mL

You can purchase this product starting Wednesday 24th September
Shop special
Peters Drumstick Cones 4 Pack-6 Pack 475mL-490mL
Peters Drumstick Cones 4 Pack-6 Pack 475mL-490mL
Was $9.50, Save $2.60
$6.90 each
You can purchase this product starting Wednesday 24th September
Shop special
Norco Cape Byron Ice Cream Sticks 4 Pack 380mL
Norco Cape Byron Ice Cream Sticks 4 Pack 380mL
Was $12.50, Save $4.00
$8.50 each
$2.24 per 100mL

You can purchase this product starting Wednesday 24th September
Shop special
Destination Italy Gelato Tub 500mL
Destination Italy Gelato Tub 500mL
Down Down Was $12.50 on Sep 2025
$11.00 each
$2.20 per 100mL

You can purchase this product starting Wednesday 24th September
Shop special
Hamilton Active Family Sunscreen SPF50+ 110mL^
Hamilton Active Family Sunscreen SPF50+ 110mL^
Was $14.00, Save $7.00
$7.00 each
$6.36 per 100mL

You can purchase this product starting Wednesday 24th September
Shop special
Olay Complete Defence Sensitive Daily UV Moisturising Lotion SPF30 75mL
Olay Complete Defence Sensitive Daily UV Moisturising Lotion SPF30 75mL
Was $16.00, Save $8.00
$8.00 each
$10.67 per 100mL

You can purchase this product starting Wednesday 24th September
Shop special
Surf Life Saving Sport Sunscreen Lotion SPF50+ 200mL^
Surf Life Saving Sport Sunscreen Lotion SPF50+ 200mL^
Was $18.00, Save $9.00
$9.00 each
$4.50 per 100mL

You can purchase this product starting Wednesday 24th September
Shop special
Nivea Sun Protect & Moisture Sunscreen SPF50+ 200mL^
Nivea Sun Protect & Moisture Sunscreen SPF50+ 200mL^
Was $21.50, Save $10.75
$10.75 each
$5.38 per 100mL

You can purchase this product starting Wednesday 24th September
Shop special
Banana Boat Sport Sunscreen SPF50+ 200g^
Banana Boat Sport Sunscreen SPF50+ 200g^
Was $22.00, Save $11.00
$11.00 each
$5.50 per 100g

You can purchase this product starting Wednesday 24th September
Shop special
Neutrogena Hydro Boost Face Sunscreen SPF50 85mL^
Neutrogena Hydro Boost Face Sunscreen SPF50 85mL^
Was $27.00, Save $13.50
$13.50 each
$15.88 per 100mL

You can purchase this product starting Wednesday 24th September
Shop special
Garnier Good Hair Colourant 1 Pack
Garnier Good Hair Colourant 1 Pack
Was $26.00, Save $13.00
$13.00 each
$13.00 per each

You can purchase this product starting Wednesday 24th September
Shop special
Garnier Vitamin C* Brightening Serum 30mL
Garnier Vitamin C* Brightening Serum 30mL
Was $37.00, Save $15.00
$22.00 each
$73.33 per 100mL

You can purchase this product starting Wednesday 24th September
Shop special
Garnier Pure Active Pimple Patches 22 Pack
Garnier Pure Active Pimple Patches 22 Pack
Was $11.00, Save $4.50
$6.50 each
$0.30 per each

You can purchase this product starting Wednesday 24th September
Shop special
Rascals Premium Baby Wipes 72 Pack–80 Pack
Rascals Premium Baby Wipes 72 Pack–80 Pack
Was $5.00, Save $2.00
$3.00 each
You can purchase this product starting Wednesday 24th September
Shop special
BabyLove Bulk Nappy Pants 22 Pack-28 Pack
BabyLove Bulk Nappy Pants 22 Pack-28 Pack
Was $20.00, Save $8.00
$12.00 each
You can purchase this product starting Wednesday 24th September
Shop special
Poise Continence Ultra Long Liners 20 Pack
Poise Continence Ultra Long Liners 20 Pack
Was $5.90, Save $2.40
$3.50 each
$0.18 per each

You can purchase this product starting Wednesday 24th September
Shop special
Poise Bladder Protection Light Continence Liners 18 Pack
Poise Bladder Protection Light Continence Liners 18 Pack
Was $3.70, Save $1.70
$2.00 each
$0.11 per each

You can purchase this product starting Wednesday 24th September
Shop special
Depend Real Fit Underwear for Women XL 8 Pack
Depend Real Fit Underwear for Women XL 8 Pack
Was $14.40, Save $5.90
$8.50 each
$1.06 per each

You can purchase this product starting Wednesday 24th September
Shop special
Listerine Freshburst or Freshburst Zero Mouthwash 500mL
Listerine Freshburst or Freshburst Zero Mouthwash 500mL
Was $8.00, Save $3.20
$4.80 each
$0.96 per 100mL

You can purchase this product starting Wednesday 24th September
Shop special
Nivea Antiperspirant Aerosol Deodorant 250mL
Nivea Antiperspirant Aerosol Deodorant 250mL
Was $9.50, Save $4.75
$4.75 each
$1.90 per 100mL

You can purchase this product starting Wednesday 24th September
Shop special
Garnier Body Superfood 380mL
Garnier Body Superfood 380mL
Was $15.00, Save $6.00
$9.00 each
$2.37 per 100mL

You can purchase this product starting Wednesday 24th September
Shop special
Garnier Micellar Cleansing Water 400mL
Garnier Micellar Cleansing Water 400mL
Was $17.00, Save $7.00
$10.00 each
$2.50 per 100mL

You can purchase this product starting Wednesday 24th September
Shop special
Neutrogena Hydro Boost Water Gel Cleanser 145mL
Neutrogena Hydro Boost Water Gel Cleanser 145mL
Was $20.00, Save $8.00
$12.00 each
$8.28 per 100mL

You can purchase this product starting Wednesday 24th September
Shop special
Rafferty's Garden 4+ Months, 6+ Months or 8+ Months Baby Food Pouch 120g
Rafferty's Garden 4+ Months, 6+ Months or 8+ Months Baby Food Pouch 120g
Was $2.30, Save $0.30
$2.00 each
$1.67 per 100g

You can purchase this product starting Wednesday 24th September
Shop special
Alula Gentle Stage 3 Toddler Milk Drink 900g
Alula Gentle Stage 3 Toddler Milk Drink 900g
Was $20.00, Save $4.00
$16.00 each
$1.78 per 100g

You can purchase this product starting Wednesday 24th September
Shop special
Nestlé NAN Optipro Stage 3 Toddler Milk Drink 800g
Nestlé NAN Optipro Stage 3 Toddler Milk Drink 800g
Was $25.00, Save $5.00
$20.00 each
$2.50 per 100g

You can purchase this product starting Wednesday 24th September
Shop special
Nivea Body Wash 1 Litre
Nivea Body Wash 1 Litre
Down Down Was $17.00 on Sep 2025
$9.50 each
$0.95 per 100mL

You can purchase this product starting Wednesday 24th September
Shop special
Metamucil Daily Fibre Supplement Orange Smooth 72 Doses 425g^
Metamucil Daily Fibre Supplement Orange Smooth 72 Doses 425g^
Was $29.90, Save $9.40
$20.50 each
$4.82 per 100g

You can purchase this product starting Wednesday 24th September
Shop special
Rascals Premium Jumbo Nappy Pants 42 Pack-56 Pack
Rascals Premium Jumbo Nappy Pants 42 Pack-56 Pack
Was $31.00, Save $9.50
$21.50 each
You can purchase this product starting Wednesday 24th September
Shop special
U By Kotex Ultra Thin Pads Regular with Wings 14 Pack
U By Kotex Ultra Thin Pads Regular with Wings 14 Pack
Was $5.00, Save $2.50
$2.50 each
$0.18 per each

You can purchase this product starting Wednesday 24th September
Shop special
U By Kotex Zero Pads Super with Wings 10 Pack
U By Kotex Zero Pads Super with Wings 10 Pack
Was $5.60, Save $2.80
$2.80 each
$0.28 per each

You can purchase this product starting Wednesday 24th September
Shop special
U by Kotex Overnight Extra Pads with Wings 10 Pack
U by Kotex Overnight Extra Pads with Wings 10 Pack
Was $5.00, Save $2.50
$2.50 each
$0.25 per each

You can purchase this product starting Wednesday 24th September
Shop special
Colgate Plax Freshmint Mouthwash 250mL
Colgate Plax Freshmint Mouthwash 250mL
Was $4.50, Save $1.50
$3.00 each
$1.20 per 100mL

You can purchase this product starting Wednesday 24th September
Shop special
Colgate Total Active Prevention Deep Clean or Whitening Toothpaste 115g
Colgate Total Active Prevention Deep Clean or Whitening Toothpaste 115g
Was $7.00, Save $2.50
$4.50 each
$3.91 per 100g

You can purchase this product starting Wednesday 24th September
Shop special
Colgate Max Fresh Watermelon Toothpaste 100g
Colgate Max Fresh Watermelon Toothpaste 100g
Was $8.00, Save $2.50
$5.50 each
$5.50 per 100g

You can purchase this product starting Wednesday 24th September
Shop special
Oral B 3D White 2 In 1 Whitening Long Lasting or Enamel Toothpaste 110g
Oral B 3D White 2 In 1 Whitening Long Lasting or Enamel Toothpaste 110g
Was $5.50, Save $2.75
$2.75 each
$2.50 per 100g

You can purchase this product starting Wednesday 24th September
Shop special
Oral B Pro Health Advanced Deep Clean or Whitening Toothpaste 110g
Oral B Pro Health Advanced Deep Clean or Whitening Toothpaste 110g
Was $6.00, Save $3.00
$3.00 each
$2.73 per 100g

You can purchase this product starting Wednesday 24th September
Shop special
Oral B Sensitivity & Gum Extra Fresh or All Day Protection Toothpaste 90g
Oral B Sensitivity & Gum Extra Fresh or All Day Protection Toothpaste 90g
Was $10.00, Save $5.00
$5.00 each
$5.56 per 100g

You can purchase this product starting Wednesday 24th September
Shop special
Oral B iO2 Electric Toothbrush Black 1 Pack
Oral B iO2 Electric Toothbrush Black 1 Pack
Was $160.00, Save $80.00
$80.00 each
$80.00 per each

You can purchase this product starting Wednesday 24th September
Shop special
Oral B 3D White Freshness Blast Intensive Whitening Toothpaste 94g
Oral B 3D White Freshness Blast Intensive Whitening Toothpaste 94g
Was $20.00, Save $10.00
$10.00 each
$10.64 per 100g

You can purchase this product starting Wednesday 24th September
Shop special
Schmackos Dog Treats 450g-500g
Schmackos Dog Treats 450g-500g
Was $17.00, Save $8.50
$8.50 each
You can purchase this product starting Wednesday 24th September
Shop special
Dine Classic Collections Cat Food 85g
Dine Classic Collections Cat Food 85g
Was $1.60, Save $0.50
$1.10 each
$1.29 per 100g

You can purchase this product starting Wednesday 24th September
Shop special
Fussy Cat Cat Food 400g
Fussy Cat Cat Food 400g
Was $2.75, Save $0.85
$1.90 each
$0.48 per 100g

You can purchase this product starting Wednesday 24th September
Shop special
Temptations Cat Treats 180g
Temptations Cat Treats 180g
Was $10.00, Save $2.00
$8.00 each
$4.44 per 100g

You can purchase this product starting Wednesday 24th September
Shop special
Felix Cat Food 12x85g
Felix Cat Food 12x85g
Was $14.50, Save $4.50
$10.00 each
$0.98 per 100g

You can purchase this product starting Wednesday 24th September
Shop special
Dine Classic Collections Cat Food Pouches 12x85g
Dine Classic Collections Cat Food Pouches 12x85g
Was $16.00, Save $5.00
$11.00 each
$1.08 per 100g

You can purchase this product starting Wednesday 24th September
Shop special
Purina One Adult Dry Cat Food 1.4kg-1.5kg
Purina One Adult Dry Cat Food 1.4kg-1.5kg
Was $20.00, Save $5.00
$15.00 each
You can purchase this product starting Wednesday 24th September
Shop special
Optimum Dry Dog Food 6.2kg-7kg
Optimum Dry Dog Food 6.2kg-7kg
Was $45.00, Save $9.00
$36.00 each
You can purchase this product starting Wednesday 24th September
Shop special
Woofin' Good Oven Baked Dog Treat Biscuits 800g
Woofin' Good Oven Baked Dog Treat Biscuits 800g
Down Down Was $11.00 on Jul 2025
$9.00 each
$1.13 per 100g

You can purchase this product starting Wednesday 24th September
Shop special
Greenies Original Dog Treats Regular 12 Pack
Greenies Original Dog Treats Regular 12 Pack
Down Down Was $36.50 on Aug 2025
$32.80 each
$2.73 per each

You can purchase this product starting Wednesday 24th September
Shop special
Coles Ultra Multipurpose Domestic Cleaning Wipes 10 Pack
Coles Ultra Multipurpose Domestic Cleaning Wipes 10 Pack
Every Day
$1.05 each
$0.11 per each

You can purchase this product starting Wednesday 24th September
Shop special
Coles Ultra Rinse Aid 500mL
Coles Ultra Rinse Aid 500mL
Every Day
$2.80 each
$0.56 per 100mL

You can purchase this product starting Wednesday 24th September
Shop special
Coles Ultra Advanced Dishwasher Tablets 40 Pack
Coles Ultra Advanced Dishwasher Tablets 40 Pack
Every Day
$6.00 each
$0.15 per each

You can purchase this product starting Wednesday 24th September
Shop special
Dettol Multipurpose Cleaner 750mL
Dettol Multipurpose Cleaner 750mL
Down Down Was $7.00 on Sep 2025
$4.00 each
$0.53 per 100mL

You can purchase this product starting Wednesday 24th September
Shop special
Dettol Multipurpose Disinfectant Wipes 110 Pack
Dettol Multipurpose Disinfectant Wipes 110 Pack
Was $12.00, Save $5.00
$7.00 each
$0.06 per each

You can purchase this product starting Wednesday 24th September
Shop special
Handee Ultra Paper Towel 4 Pack
Handee Ultra Paper Towel 4 Pack
Was $6.00, Save $2.00
$4.00 each
$1.67 per 100 sheets

You can purchase this product starting Wednesday 24th September
Shop special
Cuddly Concentrate Fabric Conditioner 850mL
Cuddly Concentrate Fabric Conditioner 850mL
Was $10.50, Save $5.25
$5.25 each
$6.18 per litre

You can purchase this product starting Wednesday 24th September
Shop special
Quilton 4-Ply Softness Gold Toilet Tissue 20 Pack
Quilton 4-Ply Softness Gold Toilet Tissue 20 Pack
Down Down Was $15.00 on Sep 2025
$13.50 each
$0.56 per 100 sheets

You can purchase this product starting Wednesday 24th September
Shop special
Coles Ultra Pre Wash Stain Remover 750mL
Coles Ultra Pre Wash Stain Remover 750mL
Every Day
$2.10 each
$2.80 per litre

You can purchase this product starting Wednesday 24th September
Shop special
Coles Ultra Fabric Conditioner 2 Litre
Coles Ultra Fabric Conditioner 2 Litre
Every Day
$3.50 each
$1.75 per litre

You can purchase this product starting Wednesday 24th September
Shop special
Coles Ultra Oxy Action Laundry Stain Remover Powder 1kg
Coles Ultra Oxy Action Laundry Stain Remover Powder 1kg
Every Day
$3.90 each
$3.90 per kg

You can purchase this product starting Wednesday 24th September
Shop special
Coles Ultra Fabric Conditioner Tropical Oasis 1 Litre
Coles Ultra Fabric Conditioner Tropical Oasis 1 Litre
Every Day
$4.00 each
$4.00 per litre

You can purchase this product starting Wednesday 24th September
Shop special
Coles Ultra Fabric Conditioner Island Breeze 1 Litre
Coles Ultra Fabric Conditioner Island Breeze 1 Litre
Every Day
$4.00 each
$4.00 per litre

You can purchase this product starting Wednesday 24th September
Shop special
Coles Ultra Concentrate Laundry Powder 2kg
Coles Ultra Concentrate Laundry Powder 2kg
Every Day
$10.50 each
$5.25 per kg

You can purchase this product starting Wednesday 24th September
Shop special
Bonds Men's Hipster Briefs 5 Pack
Bonds Men's Hipster Briefs 5 Pack
Was $32.00, Save $16.00
$16.00 each
You can purchase this product starting Wednesday 24th September
Shop special
Bonds Women's Seamless Full Brief 2 Pack
Bonds Women's Seamless Full Brief 2 Pack
Was $26.00, Save $13.00
$13.00 each
You can purchase this product starting Wednesday 24th September
Shop special
Bonds Women's Socks 1/4 Crew Logo 3 Pack
Bonds Women's Socks 1/4 Crew Logo 3 Pack
Was $16.00, Save $8.00
$8.00 each
You can purchase this product starting Wednesday 24th September
Shop special
Décor Microsafe Easy Heat Containers 900mL 3 Pack
Décor Microsafe Easy Heat Containers 900mL 3 Pack
Was $17.00, Save $8.50
$8.50 each
$2.83 per each

You can purchase this product starting Wednesday 24th September
Shop special
Brunnings Fast Action Path Weeder 1 Litre
Brunnings Fast Action Path Weeder 1 Litre
Was $14.00, Save $7.00
$7.00 each
You can purchase this product starting Wednesday 24th September
Shop special
Joseph Joseph Duo 3 In 1 Avocado Tool
Joseph Joseph Duo 3 In 1 Avocado Tool
Was $15.00, Save $4.50
$10.50 each
You can purchase this product starting Wednesday 24th September
Shop special
Heat Beads BBQ Briquettes 4kg
Heat Beads BBQ Briquettes 4kg
Was $12.50, Save $3.75
$8.75 each
$0.22 per 100g

You can purchase this product starting Wednesday 24th September
Shop special
Bic Mega Lighter 1 Each
Bic Mega Lighter 1 Each
Was $10.00, Save $4.50
$5.50 each
$5.50 per each

You can purchase this product starting Wednesday 24th September
Shop special
Coles BBQ Trays 4 Pack
Coles BBQ Trays 4 Pack
Every Day
$5.50 each
$1.38 per each

You can purchase this product starting Wednesday 24th September
Shop special
Flybuys 1,500 BONUS Points on $100 and $250 Visa Gift Cards
Flybuys 1,500 BONUS Points on $100 and $250 Visa Gift Cards
You can purchase this product starting Wednesday 24th September
Shop special
Boost $39 SIM Pack
Boost $39 SIM Pack
Was $39.00, Save $26.00
$13.00 each
You can purchase this product starting Wednesday 24th September
Shop special
Telstra T-Essential 4G
Telstra T-Essential 4G
Was $79.00, Save $20.00
$59.00 each
You can purchase this product starting Wednesday 24th September
Shop special
Telstra $39 SIM Kit
Telstra $39 SIM Kit
Was $39.00, Save $26.00
$13.00 each
You can purchase this product starting Wednesday 24th September
Shop special
amaysim $40 Starter Pack
amaysim $40 Starter Pack
Was $40.00, Save $25.00
$15.00 each
You can purchase this product starting Wednesday 24th September
Shop special
Optus $59 Prepaid SIM
Optus $59 Prepaid SIM
Was $59.00, Save $34.00
$25.00 each
You can purchase this product starting Wednesday 24th September
Shop special
Optus X Plus
Optus X Plus
Was $99.00, Save $20.00
$79.00 each
You can purchase this product starting Wednesday 24th September
Shop special
Optus X Start 4 4G
Optus X Start 4 4G
Was $79.00, Save $20.00
$59.00 each
You can purchase this product starting Wednesday 24th September
Shop special
Optus X Lite 4
Optus X Lite 4
Was $59.00, Save $10.00
$49.00 each
You can purchase this product starting Wednesday 24th September
Shop special
Optus X Tap 3
Optus X Tap 3
Was $149.00, Save $20.00
$129.00 each
You can purchase this product starting Wednesday 24th September
Shop special
Optus X Pro 5G
Optus X Pro 5G
Was $169.00, Save $30.00
$139.00 each
You can purchase this product starting Wednesday 24th September
Shop special
Optus $39 Prepaid SIM Starter Kit
Optus $39 Prepaid SIM Starter Kit
Was $39.00, Save $25.00
$14.00 each
You can purchase this product starting Wednesday 24th September
Shop special
Optus $180 Prepaid SIM Starter Kit
Optus $180 Prepaid SIM Starter Kit
Was $180.00, Save $71.00
$109.00 each
You can purchase this product starting Wednesday 24th September
Shop special
Optus $350 Prepaid SIM Starter Kit
Optus $350 Prepaid SIM Starter Kit
Was $350.00, Save $131.00
$219.00 each
You can purchase this product starting Wednesday 24th September
Shop special
Dodo $23 Mobile Plan
Dodo $23 Mobile Plan
Was $23.00, Save $13.00
$10.00 each
You can purchase this product starting Wednesday 24th September
Shop special
Dodo $33 Mobile Plan
Dodo $33 Mobile Plan
Was $33.00, Save $18.00
$15.00 each
You can purchase this product starting Wednesday 24th September
Shop special
Kirin Hyoketsu Cans 10x330mL
Kirin Hyoketsu Cans 10x330mL
Was $57.00
$50.00 each
You can purchase this product starting Wednesday 24th September
Shop special
XXXX Gold Block Cans 30x375mL
XXXX Gold Block Cans 30x375mL
Was $59.00
$53.00 each
You can purchase this product starting Wednesday 24th September
Shop special
Jim Beam Black Extra-Aged Kentucky Straight Bourbon 700mL
Jim Beam Black Extra-Aged Kentucky Straight Bourbon 700mL
Was $66.00
$58.00 each
You can purchase this product starting Wednesday 24th September
Shop special
Jack Daniels Tennessee Whiskey 1 Litre
Jack Daniels Tennessee Whiskey 1 Litre
Was $88.00
$79.00 each
You can purchase this product starting Wednesday 24th September
Shop special
Billson’s Tangle Vodka Mixed Drink Cans 4x355mL
Billson’s Tangle Vodka Mixed Drink Cans 4x355mL
Was $25.00
$20.00 each
You can purchase this product starting Wednesday 24th September
Shop special
Canadian Club & Dry Cans 6x375mL
Canadian Club & Dry Cans 6x375mL
Was $34.00
$30.00 each
You can purchase this product starting Wednesday 24th September
Shop special
Vodka Cruiser Mixed Bottles 10x275mL
Vodka Cruiser Mixed Bottles 10x275mL
Was $49.00
$43.00 each
You can purchase this product starting Wednesday 24th September
Shop special
Jack Daniels & Cola Cans 10x375mL
Jack Daniels & Cola Cans 10x375mL
Was $60.00
$50.00 each
You can purchase this product starting Wednesday 24th September
Shop special
Baileys Irish Cream Liqueur 700mL
Baileys Irish Cream Liqueur 700mL
Was $48.00
$40.00 each
You can purchase this product starting Wednesday 24th September
Shop special
Smirnoff Red Vodka 700mL
Smirnoff Red Vodka 700mL
Was $48.00
$46.00 each
You can purchase this product starting Wednesday 24th September
Shop special
Olmeca Altos Plata Tequila 700mL
Olmeca Altos Plata Tequila 700mL
Was $76.00
$65.00 each
You can purchase this product starting Wednesday 24th September
Shop special
Bombay Sapphire Gin 1 Litre
Bombay Sapphire Gin 1 Litre
Was $88.00
$80.00 each
You can purchase this product starting Wednesday 24th September
Shop special
Jacob’s Creek Trilogy Sparkling 750mL
Jacob’s Creek Trilogy Sparkling 750mL
Was $16.00
$12.00 each
You can purchase this product starting Wednesday 24th September
Shop special
19 Crimes Shiraz 750mL
19 Crimes Shiraz 750mL
Was $15.00
$10.00 each
You can purchase this product starting Wednesday 24th September
Shop special
Champteloup Rose d’Anjou 750mL
Champteloup Rose d’Anjou 750mL
Save $12.00
Any 2 for $24.00
You can purchase this product starting Wednesday 24th September
Shop special
The Ned Marlborough Sauvignon Blanc 750mL
The Ned Marlborough Sauvignon Blanc 750mL
Save $12.00
Any 2 for $24.00
You can purchase this product starting Wednesday 24th September
Shop special
Great Northern Super Crisp Lager Bottles 24x330mL
Great Northern Super Crisp Lager Bottles 24x330mL
Was $57.00, Save $13.10
$43.90 each
You can purchase this product starting Wednesday 24th September
Shop special
Heineken Bottles 12x330mL
Heineken Bottles 12x330mL
Every Day low price
$33.00 each
You can purchase this product starting Wednesday 24th September
Shop special
Coopers Australian Lager Cans 24x375mL
Coopers Australian Lager Cans 24x375mL
Was $63.00
$55.00 each
You can purchase this product starting Wednesday 24th September
Shop special
Carlton Dry Bottles 24x330mL
Carlton Dry Bottles 24x330mL
Was $61.00
$55.00 each
You can purchase this product starting Wednesday 24th September
Shop special
Smithy’s Gold Block Cans 30x375mL
Smithy’s Gold Block Cans 30x375mL
Every Day low price
$46.90 each
You can purchase this product starting Wednesday 24th September
Shop special
-196 Double Lemon & Vodka Cans 4x330mL
-196 Double Lemon & Vodka Cans 4x330mL
Was $27.00
$23.00 each
You can purchase this product starting Wednesday 24th September
Shop special
Jim Beam White & Cola Cans 6x375mL
Jim Beam White & Cola Cans 6x375mL
Was $34.00
$30.00 each
You can purchase this product starting Wednesday 24th September
Shop special
Smirnoff Ice Double Black Cans 10x375mL
Smirnoff Ice Double Black Cans 10x375mL
Was $61.00
$55.00 each
You can purchase this product starting Wednesday 24th September
Shop special
Wild Turkey & Cola 101 Cans 10x375mL
Wild Turkey & Cola 101 Cans 10x375mL
Was $69.00
$60.00 each
You can purchase this product starting Wednesday 24th September
Shop special
Jack Daniels Gentleman Jack Tennessee Whiskey 700mL
Jack Daniels Gentleman Jack Tennessee Whiskey 700mL
Was $79.00
$63.00 each
You can purchase this product starting Wednesday 24th September
Shop special
Jameson Irish Whiskey 700mL
Jameson Irish Whiskey 700mL
Was $64.00
$56.00 each
You can purchase this product starting Wednesday 24th September
Shop special
Wild Turkey Kentucky Straight Bourbon Whiskey 700mL
Wild Turkey Kentucky Straight Bourbon Whiskey 700mL
Was $67.00
$55.00 each
You can purchase this product starting Wednesday 24th September
Shop special
The Kraken Spiced Rum 700mL
The Kraken Spiced Rum 700mL
Was $72.00
$60.00 each
You can purchase this product starting Wednesday 24th September
Shop special
Two Churches The Preacher Chardonnay 750mL
Two Churches The Preacher Chardonnay 750mL
Was $18.00
$12.00 each
You can purchase this product starting Wednesday 24th September
Shop special
Land of Giants Marlborough Sauvignon Blanc 750mL
Land of Giants Marlborough Sauvignon Blanc 750mL
Was $17.00
$12.00 each
You can purchase this product starting Wednesday 24th September
Shop special
Land of Giants Pinot Noir 750mL
Land of Giants Pinot Noir 750mL
Was $17.00
$12.00 each
You can purchase this product starting Wednesday 24th September
Shop special
Tussock Jumper Tempranillo 750mL
Tussock Jumper Tempranillo 750mL
Was $18.00
$10.00 each
You can purchase this product starting Wednesday 24th September
Shop special
Belong $35 Mobile SIM
Belong $35 Mobile SIM
Was $35.00, Save $20.00
$15.00 each
You can purchase this product starting Wednesday 24th September
Shop special
Offers valid until Tuesday 30 September 2025   View terms and conditionspowered by Salefinder.com.au 

Customer help
Contact us
Help Centre
Staying safe online
Returns & refunds
Product recalls
Accessibility
Useful links
Stores near you
Browse Products
Coles magazines
Gift cards
Coles Radio
Coles Plus
Competition winners
About Coles
Introducing us
Our brands
Careers
Our history
Sustainability at Coles
Media releases
Investor information
How Flybuys works
Follow us
Download the Coles app
Download on the App Store
Get it on Google Play
Explore our brands
Coles Local
Liquorland
First choice liquor market
Vintage cellars Australia's fine wine specialist since 1951
Liquor Connection
Coles Insurance
Coles Credit Cards
Coles Personal Loans
Coles Mobile
Coles Group
Coles For Business
Coles Swaggle
Coles Gift Cards
Bonus credit ^
Spend $20 in one transaction, scan your Flybuys and receive one bonus glassware credit when you also purchase a selected product from a participating brand or product range. Limit of one glassware credit applies per brand, per transaction. $20 spend excludes the purchase of Coles Insurance products, Coles Express, DoorDash, Menulog, UberEats, iTunes cards, gift cards, Mobile and Tech Accessories (including plans and recharge), Opal top up, calling cards, charity products, tobacco, tobacco related product purchases, subscriptions, delivery fees and liquor purchases in WA North and NT and other purchases. Full T&Cs apply.

Schott Zwiesel®
Choose to DrinkWise Logo, Logo ID25
No alcohol can be sold or supplied to anyone under 18. It's against the law. It's an offence to supply liquor to a person under the age of 18 years. All liquor products are sold and supplied by Liquorland (Australia) Pty Ltd. For more specific legislation in your state or territory, and to view our liquor and tobacco licences, visit our help page. To voluntarily exclude yourself from being able to purchase liquor online at Coles, please contact us.
Privacy policy
Terms and conditions
Customer agreement
Sitemap
Coles Online - Hawthorn East, Victoria Australia 3123 © Copyright Coles 2025

