[
  {
    "productID": "COL001",
    "productName": "Arnott's Shapes Crackers",
    "category": "Pantry",
    "brand": "Arnott's",
    "description": "130g-190g",
    "price": "$2.00",
    "originalPrice": "$4.00",
    "savings": "$2.00",
    "specialType": "Half Price Specials"
  },
  {
    "productID": "COL002",
    "productName": "Peters Drumstick Cones",
    "category": "Frozen",
    "brand": "Peters",
    "description": "4 Pack-6 Pack 475mL-490mL",
    "price": "$4.75",
    "originalPrice": "$9.50",
    "savings": "$4.75",
    "specialType": "Half Price Specials"
  },
  {
    "productID": "COL003",
    "productName": "Coca-Cola, Fanta or Sprite Soft Drink",
    "category": "Drinks",
    "brand": "Coca-Cola",
    "description": "1.25 Litre, $1.60 per litre",
    "price": "$2.00",
    "originalPrice": "$4.00",
    "savings": "$2.00",
    "specialType": "Half Price Specials"
  },
  {
    "productID": "COL004",
    "productName": "Mt Franklin Lightly Sparkling Water",
    "category": "Drinks",
    "brand": "Mt Franklin",
    "description": "10x375mL, $2.67 per litre",
    "price": "$10.00",
    "originalPrice": "$20.00",
    "savings": "$10.00",
    "specialType": "Half Price Specials"
  },
  {
    "productID": "COL005",
    "productName": "Cold Power Laundry Liquid or Powder",
    "category": "Household",
    "brand": "Cold Power",
    "description": "2 Litre or Powder 2kg",
    "price": "$12.00",
    "originalPrice": "$24.00",
    "savings": "$12.00",
    "specialType": "Half Price Specials"
  },
  {
    "productID": "COL006",
    "productName": "Allen's Lollies",
    "category": "Pantry",
    "brand": "Allen's",
    "description": "140g-200g",
    "price": "$2.50",
    "originalPrice": "$5.00",
    "savings": "$2.50",
    "specialType": "Half Price Specials"
  },
  {
    "productID": "COL007",
    "productName": "Nescafé Coffee Sachets",
    "category": "Pantry",
    "brand": "Nescafé",
    "description": "8 Pack-10 Pack",
    "price": "$4.00",
    "originalPrice": "$8.00",
    "savings": "$4.00",
    "specialType": "Half Price Specials"
  },
  {
    "productID": "COL008",
    "productName": "Libra Ultra Thin Pads with Wings",
    "category": "Health & Beauty",
    "brand": "Libra",
    "description": "Regular 14 Pack or Super 12 Pack",
    "price": "$3.00",
    "originalPrice": "$6.00",
    "savings": "$3.00",
    "specialType": "Half Price Specials"
  },
  {
    "productID": "COL009",
    "productName": "Sorbent 3-Ply Hypo-Allergenic Toilet Paper",
    "category": "Household",
    "brand": "Sorbent",
    "description": "12 Pack, $0.25 per 100 sheets",
    "price": "$5.50",
    "originalPrice": "$11.00",
    "savings": "$5.50",
    "specialType": "Half Price Specials"
  },
  {
    "productID": "COL010",
    "productName": "L'Oréal Elvive Glycolic Gloss Shampoo or Conditioner",
    "category": "Health & Beauty",
    "brand": "L'Oréal",
    "description": "Shampoo 200mL or Conditioner 150mL",
    "price": "$9.50",
    "originalPrice": "$19.00",
    "savings": "$9.50",
    "specialType": "Half Price Specials"
  },
  {
    "productID": "COL011",
    "productName": "Coles Australian Lamb Cutlets",
    "category": "Meat, Seafood & Deli",
    "brand": "Coles",
    "description": "$34.00 per kg",
    "price": "$34.00",
    "originalPrice": "$49.00",
    "savings": "$15.00",
    "specialType": "Half Price Specials"
  },
  {
    "productID": "COL012",
    "productName": "Mars or Violet Crumble Chocolate Bar",
    "category": "Pantry",
    "brand": "Mars",
    "description": "35g-56g",
    "price": "$1.25",
    "originalPrice": "$2.50",
    "savings": "$1.25",
    "specialType": "Half Price Specials"
  },
  {
    "productID": "COL013",
    "productName": "Twisties, Burger Rings or Cheetos",
    "category": "Pantry",
    "brand": "Snack Brands",
    "description": "80g-90g",
    "price": "$1.35",
    "originalPrice": "$2.70",
    "savings": "$1.35",
    "specialType": "Half Price Specials"
  },
  {
    "productID": "COL014",
    "productName": "Nestlé Chocolate Bar",
    "category": "Pantry",
    "brand": "Nestlé",
    "description": "35g-50g",
    "price": "$1.50",
    "originalPrice": "$3.00",
    "savings": "$1.50",
    "specialType": "Half Price Specials"
  },
  {
    "productID": "COL015",
    "productName": "Schweppes Mixers or Soft Drink",
    "category": "Drinks",
    "brand": "Schweppes",
    "description": "1.1 Litre, $1.36 per litre",
    "price": "$1.50",
    "originalPrice": "$3.00",
    "savings": "$1.50",
    "specialType": "Half Price Specials"
  },
  {
    "productID": "COL016",
    "productName": "Cobs Popcorn",
    "category": "Pantry",
    "brand": "Cobs",
    "description": "80g-120g",
    "price": "$1.75",
    "originalPrice": "$3.50",
    "savings": "$1.75",
    "specialType": "Half Price Specials"
  },
  {
    "productID": "COL017",
    "productName": "Popcorners",
    "category": "Pantry",
    "brand": "Popcorners",
    "description": "130g, $1.85 per 100g",
    "price": "$2.40",
    "originalPrice": "$4.80",
    "savings": "$2.40",
    "specialType": "Half Price Specials"
  },
  {
    "productID": "COL018",
    "productName": "Thins Potato Chips",
    "category": "Pantry",
    "brand": "Thins",
    "description": "175g, $1.43 per 100g",
    "price": "$2.50",
    "originalPrice": "$5.00",
    "savings": "$2.50",
    "specialType": "Half Price Specials"
  },
  {
    "productID": "COL019",
    "productName": "Darrell Lea Batch 37 or Allsorts Liquorice",
    "category": "Pantry",
    "brand": "Darrell Lea",
    "description": "260g-270g",
    "price": "$2.75",
    "originalPrice": "$5.50",
    "savings": "$2.75",
    "specialType": "Half Price Specials"
  },
  {
    "productID": "COL020",
    "productName": "V Energy Drink",
    "category": "Drinks",
    "brand": "V",
    "description": "4x500mL, $4.19 per litre",
    "price": "$8.37",
    "originalPrice": "$16.75",
    "savings": "$8.38",
    "specialType": "Half Price Specials"
  },
  {
    "productID": "COL021",
    "productName": "Arnott's Scotch Finger Biscuits",
    "category": "Pantry",
    "brand": "Arnott's",
    "description": "250g, $1.00 per 100g",
    "price": "$2.50",
    "originalPrice": "$3.30",
    "savings": "$0.80",
    "specialType": "Half Price Specials"
  },
  {
    "productID": "COL022",
    "productName": "Arnott's Salada or VitaWeat Crispbreads",
    "category": "Pantry",
    "brand": "Arnott's",
    "description": "250g, $1.20 per 100g",
    "price": "$3.00",
    "originalPrice": "$4.00",
    "savings": "$1.00",
    "specialType": "Half Price Specials"
  },
  {
    "productID": "COL023",
    "productName": "Arnott's Jatz or Clix Crackers",
    "category": "Pantry",
    "brand": "Arnott's",
    "description": "225g-250g",
    "price": "$3.00",
    "originalPrice": "$4.00",
    "savings": "$2.00",
    "specialType": "Half Price Specials"
  },
  {
    "productID": "COL024",
    "productName": "Don Deli Cuts",
    "category": "Meat, Seafood & Deli",
    "brand": "Don",
    "description": "80g-100g",
    "price": "$3.30",
    "originalPrice": "$4.30",
    "savings": "$1.00",
    "specialType": "Half Price Specials"
  },
  {
    "productID": "COL025",
    "productName": "Golden Circle Mango Nectar or Apple Juice",
    "category": "Drinks",
    "brand": "Golden Circle",
    "description": "2 Litre, $1.75 per litre",
    "price": "$3.50",
    "originalPrice": "$4.80",
    "savings": "$1.30",
    "specialType": "Half Price Specials"
  },
  {
    "productID": "COL026",
    "productName": "Western Star Butter",
    "category": "Dairy, Eggs & Meals",
    "brand": "Western Star",
    "description": "250g, $1.88 per 100g",
    "price": "$4.70",
    "originalPrice": "$5.20",
    "savings": "$0.50",
    "specialType": "Half Price Specials"
  },
  {
    "productID": "COL027",
    "productName": "Sanitarium Up&Go Liquid Breakfast",
    "category": "Pantry",
    "brand": "Sanitarium",
    "description": "12x250mL, $6.00 per litre",
    "price": "$18.00",
    "specialType": "Every Day"
  },
  {
    "productID": "COL028",
    "productName": "Primo Streaky Bacon",
    "category": "Meat, Seafood & Deli",
    "brand": "Primo",
    "description": "$2 per 100g",
    "price": "$20.00",
    "originalPrice": "$23.00",
    "savings": "$3.00",
    "specialType": "Half Price Specials"
  },
  {
    "productID": "COL029",
    "productName": "Bostik Blu Tack",
    "category": "Stationery & Media",
    "brand": "Bostik",
    "description": "1 Pack",
    "price": "$1.55",
    "originalPrice": "$3.10",
    "savings": "$1.55",
    "specialType": "Half Price Specials"
  },
  {
    "productID": "COL030",
    "productName": "Bic 4 Colour Pen",
    "category": "Stationery & Media",
    "brand": "Bic",
    "description": "1 Pack",
    "price": "$1.75",
    "originalPrice": "$3.50",
    "savings": "$1.75",
    "specialType": "Half Price Specials"
  },
  {
    "productID": "COL031",
    "productName": "Spirax A4 Notebook 120 Pages",
    "category": "Stationery & Media",
    "brand": "Spirax",
    "description": "1 Each",
    "price": "$2.00",
    "originalPrice": "$4.00",
    "savings": "$2.00",
    "specialType": "Half Price Specials"
  },
  {
    "productID": "COL032",
    "productName": "Faber Castell Connector Pens",
    "category": "Stationery & Media",
    "brand": "Faber Castell",
    "description": "20 Pack",
    "price": "$4.40",
    "originalPrice": "$8.80",
    "savings": "$4.40",
    "specialType": "Half Price Specials"
  },
  {
    "productID": "COL033",
    "productName": "Pilot Frixion Ball Pen",
    "category": "Stationery & Media",
    "brand": "Pilot",
    "description": "3 Pack",
    "price": "$4.95",
    "originalPrice": "$9.90",
    "savings": "$4.95",
    "specialType": "Half Price Specials"
  },
  {
    "productID": "COL034",
    "productName": "Dymo Plastic Tape",
    "category": "Stationery & Media",
    "brand": "Dymo",
    "description": "1 Each",
    "price": "$9.25",
    "originalPrice": "$18.50",
    "savings": "$9.25",
    "specialType": "Half Price Specials"
  },
  {
    "productID": "COL035",
    "productName": "Papermate Inkjoy Gel Pens",
    "category": "Stationery & Media",
    "brand": "Papermate",
    "description": "6 Pack",
    "price": "$9.75",
    "originalPrice": "$19.50",
    "savings": "$9.75",
    "specialType": "Half Price Specials"
  },
  {
    "productID": "COL036",
    "productName": "Sistema To Go Cutlery Set",
    "category": "Household",
    "brand": "Sistema",
    "description": "$4.50 per each",
    "price": "$4.50",
    "originalPrice": "$9.00",
    "savings": "$4.50",
    "specialType": "Half Price Specials"
  },
  {
    "productID": "COL037",
    "productName": "Sistema To Go Ribbon Lunch Box",
    "category": "Household",
    "brand": "Sistema",
    "description": "1.1Litre, $5.75 per each",
    "price": "$5.75",
    "originalPrice": "$11.50",
    "savings": "$5.75",
    "specialType": "Half Price Specials"
  },
  {
    "productID": "COL038",
    "productName": "Bonds Kid's Logo ¼ Crew Sock",
    "category": "Clothing",
    "brand": "Bonds",
    "description": "3 Pack",
    "price": "$7.00",
    "originalPrice": "$14.00",
    "savings": "$7.00",
    "specialType": "Half Price Specials"
  },
  {
    "productID": "COL039",
    "productName": "Décor Vent & Seal Leak Proof Glass Container",
    "category": "Household",
    "brand": "Décor",
    "description": "1 Litre, $7.00 per each",
    "price": "$7.00",
    "originalPrice": "$14.00",
    "savings": "$7.00",
    "specialType": "Half Price Specials"
  },
  {
    "productID": "COL040",
    "productName": "Décor Insulated Double Wall Hydro Bottle",
    "category": "Houseful",
    "brand": "Décor",
    "description": "750mL, $10.50 per each",
    "price": "$10.50",
    "originalPrice": "$21.00",
    "savings": "$10.50",
    "specialType": "Half Price Specials"
  },
  {
    "productID": "COL041",
    "productName": "Golden Crumpet Rounds",
    "category": "Bread & Bakery",
    "brand": "Golden",
    "description": "6 Pack 300g, $0.80 per 100g",
    "price": "$2.40",
    "originalPrice": "$4.80",
    "savings": "$2.40",
    "specialType": "Half Price Specials"
  },
  {
    "productID": "COL042",
    "productName": "Golden Circle Zero Sugar Cordial",
    "category": "Drinks",
    "brand": "Golden Circle",
    "description": "2 Litre, $1.38 per litre",
    "price": "$2.75",
    "originalPrice": "$5.50",
    "savings": "$2.75",
    "specialType": "Half Price Specials"
  },
  {
    "productID": "COL043",
    "productName": "Nice & Natural Nut Bars",
    "category": "Pantry",
    "brand": "Nice & Natural",
    "description": "180g-192g",
    "price": "$2.75",
    "originalPrice": "$5.50",
    "savings": "$2.75",
    "specialType": "Half Price Specials"
  },
  {
    "productID": "COL044",
    "productName": "Loacker Tortina Biscuits",
    "category": "Pantry",
    "brand": "Loacker",
    "description": "126g, $2.38 per 100g",
    "price": "$3.00",
    "originalPrice": "$6.00",
    "savings": "$3.00",
    "specialType": "Half Price Specials"
  },
  {
    "productID": "COL045",
    "productName": "Nestlé Milo Cereal",
    "category": "Pantry",
    "brand": "Nestlé",
    "description": "340g-350g",
    "price": "$3.50",
    "originalPrice": "$7.00",
    "savings": "$3.50",
    "specialType": "Half Price Specials"
  },
  {
    "productID": "COL046",
    "productName": "Nescafé Espresso Coffee Concentrate",
    "category": "Pantry",
    "brand": "Nescafé",
    "description": "500mL, $1.10 per 100mL",
    "price": "$5.50",
    "originalPrice": "$11.00",
    "savings": "$5.50",
    "specialType": "Half Price Specials"
  },
  {
    "productID": "COL047",
    "productName": "Plumrose Leg Ham",
    "category": "Meat, Seafood & Deli",
    "brand": "Plumrose",
    "description": "450g, $15.56 per kg",
    "price": "$7.00",
    "originalPrice": "$14.00",
    "savings": "$7.00",
    "specialType": "Half Price Specials"
  },
  {
    "productID": "COL048",
    "productName": "Queen Victoria Tea Bags",
    "category": "Pantry",
    "brand": "Queen Victoria",
    "description": "100 Pack, $0.06 per each",
    "price": "$6.00",
    "originalPrice": "$12.00",
    "savings": "$6.00",
    "specialType": "Half Price Specials"
  },
  {
    "productID": "COL049",
    "productName": "Harpic Fresh Power Liquid or In The Bowl Toilet Cleaner",
    "category": "Household",
    "brand": "Harpic",
    "description": "700mL or 39g",
    "price": "$3.50",
    "originalPrice": "$7.00",
    "savings": "$3.50",
    "specialType": "Half Price Specials"
  },
  {
    "productID": "COL050",
    "productName": "Mortein PowerGard DIY Professional Surface Spray",
    "category": "Household",
    "brand": "Mortein",
    "description": "2 Litre, $1.00 per 100mL",
    "price": "$20.00",
    "originalPrice": "$40.00",
    "savings": "$20.00",
    "specialType": "Half Price Specials"
  },
  {
    "productID": "COL051",
    "productName": "Radiant Laundry Liquid or Powder",
    "category": "Household",
    "brand": "Radiant",
    "description": "2 Litre or Powder 2kg",
    "price": "$10.00",
    "originalPrice": "$20.00",
    "savings": "$10.00",
    "specialType": "Half Price Specials"
  },
  {
    "productID": "COL052",
    "productName": "Handee Ultra Paper Towel",
    "category": "Household",
    "brand": "Handee",
    "description": "2 Pack, $1.79 per 100 sheets",
    "price": "$2.15",
    "originalPrice": "$4.30",
    "savings": "$2.15",
    "specialType": "Half Price Specials"
  },
  {
    "productID": "COL053",
    "productName": "Fluffy Concentrated Fabric Conditioner",
    "category": "Household",
    "brand": "Fluffy",
    "description": "900mL-1 Litre",
    "price": "$4.75",
    "originalPrice": "$9.50",
    "savings": "$4.75",
    "specialType": "Half Price Specials"
  },
  {
    "productID": "COL054",
    "productName": "Cold Power Laundry Capsules",
    "category": "Household",
    "brand": "Cold Power",
    "description": "29 Pack, $0.45 per each",
    "price": "$13.00",
    "originalPrice": "$26.00",
    "savings": "$13.00",
    "specialType": "Half Price Specials"
  },
  {
    "productID": "COL055",
    "productName": "Fairy 5 Power Dishwashing Tablets",
    "category": "Household",
    "brand": "Fairy",
    "description": "34 Pack, $0.68 per each",
    "price": "$23.00",
    "originalPrice": "$46.00",
    "savings": "$23.00",
    "specialType": "Half Price Specials"
  },
  {
    "productID": "COL056",
    "productName": "Dynamo Professional Laundry Liquid",
    "category": "Household",
    "brand": "Dynamo",
    "description": "2 Litre, $7.25 per litre",
    "price": "$14.50",
    "originalPrice": "$29.00",
    "savings": "$14.50",
    "specialType": "Half Price Specials"
  },
  {
    "productID": "COL057",
    "productName": "L'Oréal Age Perfect Day Cream",
    "category": "Health & Beauty",
    "brand": "L'Oréal",
    "description": "50mL, $40.00 per 100mL",
    "price": "$20.00",
    "originalPrice": "$40.00",
    "savings": "$20.00",
    "specialType": "Half Price Specials"
  },
  {
    "productID": "COL058",
    "productName": "L'Oréal Elvive Treatment Extraordinary Oil",
    "category": "Health & Beauty",
    "brand": "L'Oréal",
    "description": "100mL, $11.00 per 100mL",
    "price": "$11.00",
    "originalPrice": "$22.00",
    "savings": "$11.00",
    "specialType": "Half Price Specials"
  },
  {
    "productID": "COL059",
    "productName": "L'Oréal Excellence Colourant",
    "category": "Health & Beauty",
    "brand": "L'Oréal",
    "description": "1 Pack",
    "price": "$13.50",
    "originalPrice": "$27.00",
    "savings": "$13.50",
    "specialType": "Half Price Specials"
  },
  {
    "productID": "COL060",
    "productName": "Gillette Venus White Tea Comfortglide Razor Kit with 2 Refill Blades",
    "category": "Health & Beauty",
    "brand": "Gillette",
    "description": "1 Pack",
    "price": "$9.00",
    "originalPrice": "$18.00",
    "savings": "$9.00",
    "specialType": "Half Price Specials"
  },
  {
    "productID": "COL061",
    "productName": "Gillette Venus Smooth Razor Kit with 2 Refill Blades",
    "category": "Health & Beauty",
    "brand": "Gillette",
    "description": "1 Pack",
    "price": "$6.25",
    "originalPrice": "$12.50",
    "savings": "$6.25",
    "specialType": "Half Price Specials"
  },
  {
    "productID": "COL062",
    "productName": "Rexona 48hr Aerosol Deodorant",
    "category": "Health & Beauty",
    "brand": "Rexona",
    "description": "250mL, $1.70 per 100mL",
    "price": "$4.25",
    "originalPrice": "$8.50",
    "savings": "$4.25",
    "specialType": "Half Price Specials"
  },
  {
    "productID": "COL063",
    "productName": "Palmolive Liquid Hand Wash Refill",
    "category": "Health & Beauty",
    "brand": "Palmolive",
    "description": "1 Litre, $0.38 per 100mL",
    "price": "$3.75",
    "originalPrice": "$7.50",
    "savings": "$3.75",
    "specialType": "Half Price Specials"
  },
  {
    "productID": "COL064",
    "productName": "Nature's Way High Strength Adult Vita Gummies Sleep",
    "category": "Health & Beauty",
    "brand": "Nature's Way",
    "description": "40 Pack^, $35.00 per 100 each",
    "price": "$14.00",
    "originalPrice": "$28.00",
    "savings": "$14.00",
    "specialType": "Half Price Specials"
  },
  {
    "productID": "COL065",
    "productName": "Nature's Way Adult Vita Gummies Probiotic + Prebiotic",
    "category": "Health & Beauty",
    "brand": "Nature's Way",
    "description": "65 Pack^, $21.54 per 100 each",
    "price": "$14.00",
    "originalPrice": "$28.00",
    "savings": "$14.00",
    "specialType": "Half Price Specials"
  },
  {
    "productID": "COL066",
    "productName": "Nature's Way Kids Smart Vita Gummies Multi-Vitamin Plus",
    "category": "Health & Beauty",
    "brand": "Nature's Way",
    "description": "170 Pack^, $12.35 per 100 each",
    "price": "$21.00",
    "originalPrice": "$42.00",
    "savings": "$21.00",
    "specialType": "Half Price Specials"
  },
  {
    "productID": "COL067",
    "productName": "Nivea Sun Protect & Moisture Sunscreen Lotion SPF50+",
    "category": "Health & Beauty",
    "brand": "Nivea",
    "description": "100mL^^, $7.50 per 100mL",
    "price": "$7.50",
    "originalPrice": "$15.00",
    "savings": "$7.50",
    "specialType": "Half Price Specials"
  },
  {
    "productID": "COL068",
    "productName": "Hamilton Everyday Face Tinted Sunscreen SPF50+",
    "category": "Health & Beauty",
    "brand": "Hamilton",
    "description": "75g^^, $11.33 per 100g",
    "price": "$8.50",
    "originalPrice": "$17.00",
    "savings": "$8.50",
    "specialType": "Half Price Specials"
  },
  {
    "productID": "COL069",
    "productName": "Bondi Sands Aero Express Tanning Foam",
    "category": "Health & Beauty",
    "brand": "Bondi Sands",
    "description": "225mL, $6.00 per 100mL",
    "price": "$13.50",
    "originalPrice": "$27.00",
    "savings": "$13.50",
    "specialType": "Half Price Specials"
  },
  {
    "productID": "COL070",
    "productName": "Carroten Intensive Tanning Gel",
    "category": "Health & Beauty",
    "brand": "Carroten",
    "description": "150mL, $10.00 per 100mL",
    "price": "$15.00",
    "originalPrice": "$30.00",
    "savings": "$15.00",
    "specialType": "Half Price Specials"
  },
  {
    "productID": "COL071",
    "productName": "Bali Body Gradual Tanning Butter",
    "category": "Health & Beauty",
    "brand": "Bali Body",
    "description": "220g, $7.73 per 100g",
    "price": "$17.00",
    "originalPrice": "$34.00",
    "savings": "$17.00",
    "specialType": "Half Price Specials"
  },
  {
    "productID": "COL072",
    "productName": "Cancer Council Ultra Sunscreen SPF50+",
    "category": "Health & Beauty",
    "brand": "Cancer Council",
    "description": "250mL^^, $4.20 per 100mL",
    "price": "$10.50",
    "originalPrice": "$21.00",
    "savings": "$10.50",
    "specialType": "Half Price Specials"
  },
  {
    "productID": "COL073",
    "productName": "Neutrogena Beach Defence Sunscreen Lotion SPF50",
    "category": "Health & Beauty",
    "brand": "Neutrogena",
    "description": "198mL^^, $5.56 per 100mL",
    "price": "$11.00",
    "originalPrice": "$22.00",
    "savings": "$11.00",
    "specialType": "Half Price Specials"
  },
  {
    "productID": "COL074",
    "productName": "Le Tan Coconut Sunscreen Lotion SPF50+",
    "category": "Health & Beauty",
    "brand": "Le Tan",
    "description": "500mL^^, $2.70 per 100mL",
    "price": "$13.50",
    "originalPrice": "$27.00",
    "savings": "$13.50",
    "specialType": "Half Price Specials"
  },
  {
    "productID": "COL075",
    "productName": "Nivea Sun Protect & Moisture Sunscreen Lotion SPF50+",
    "category": "Health & Beauty",
    "brand": "Nivea",
    "description": "400mL^^, $3.50 per 100mL",
    "price": "$14.00",
    "originalPrice": "$28.00",
    "savings": "$14.00",
    "specialType": "Half Price Specials"
  },
  {
    "productID": "COL076",
    "productName": "Nivea Sun Ultra Sport Cooling Sunscreen SPF50+",
    "category": "Health & Beauty",
    "brand": "Nivea",
    "description": "300mL^^, $4.67 per 100mL",
    "price": "$14.00",
    "originalPrice": "$28.00",
    "savings": "$14.00",
    "specialType": "Half Price Specials"
  },
  {
    "productID": "COL077",
    "productName": "Banana Boat Baby Roll On Sunscreen SPF50+",
    "category": "Health & Beauty",
    "brand": "Banana Boat",
    "description": "75mL^, $9.33 per 100mL",
    "price": "$7.00",
    "originalPrice": "$14.00",
    "savings": "$7.00",
    "specialType": "Half Price Specials"
  },
  {
    "productID": "COL078",
    "productName": "Hawaiian Tropic Silk Hydration Sunscreen Lotion SPF50+",
    "category": "Health & Beauty",
    "brand": "Hawaiian Tropic",
    "description": "180mL^, $6.11 per 100mL",
    "price": "$11.00",
    "originalPrice": "$22.00",
    "savings": "$11.00",
    "specialType": "Half Price Specials"
  },
  {
    "productID": "COL079",
    "productName": "Dermaveen Sensitive Sun Sunscreen SPF50+",
    "category": "Health & Beauty",
    "brand": "Dermaveen",
    "description": "100g^, $9.50 per 100g",
    "price": "$9.50",
    "originalPrice": "$19.00",
    "savings": "$9.50",
    "specialType": "Half Price Specials"
  },
  {
    "productID": "COL080",
    "productName": "Surf Life Saving Sport Sunscreen SPF50+",
    "category": "Health & Beauty",
    "brand": "Surf Life Saving",
    "description": "200mL^, $5.00 per 100mL",
    "price": "$10.00",
    "originalPrice": "$20.00",
    "savings": "$10.00",
    "specialType": "Half Price Specials"
  },
  {
    "productID": "COL081",
    "productName": "E.L.F. Glow Reviver Melting Lip Balm",
    "category": "Health & Beauty",
    "brand": "E.L.F.",
    "description": "15g, $13.33 per 10g",
    "price": "$20.00",
    "specialType": "Every Day"
  },
  {
    "productID": "COL082",
    "productName": "Coles Ice Tea",
    "category": "Drinks",
    "brand": "Coles",
    "description": "1.25 Litre, $1.60 per litre",
    "price": "$2.00",
    "specialType": "Every Day"
  },
  {
    "productID": "COL083",
    "productName": "Coles Coconut Water",
    "category": "Drinks",
    "brand": "Coles",
    "description": "1 Litre, $2.85 per litre",
    "price": "$2.85",
    "specialType": "Every Day"
  },
  {
    "productID": "COL084",
    "productName": "Coles Finest Luxury Sorbet Tub",
    "category": "Frozen",
    "brand": "Coles Finest",
    "description": "500mL, $1.40 per 100mL",
    "price": "$7.00",
    "specialType": "Every Day"
  },
  {
    "productID": "COL085",
    "productName": "Coles Lightly Sparkling Spring Water",
    "category": "Drinks",
    "brand": "Coles",
    "description": "12x500mL, $1.30 per litre",
    "price": "$7.80",
    "specialType": "Every Day"
  },
  {
    "productID": "COL086",
    "productName": "Coles Ultra Antibacterial Multipurpose Biodegradable Wipes",
    "category": "Household",
    "brand": "Coles",
    "description": "100 Pack, $0.04 per each",
    "price": "$4.45",
    "specialType": "Every Day"
  },
  {
    "productID": "COL087",
    "productName": "Glad Roaster Pan",
    "category": "Household",
    "brand": "Glad",
    "description": "1 Each",
    "price": "$5.00",
    "specialType": "Every Day"
  },
  {
    "productID": "COL088",
    "productName": "Coles Soothing After Sun Aloe Vera Gel",
    "category": "Health & Beauty",
    "brand": "Coles",
    "description": "200mL, $2.50 per 100mL",
    "price": "$5.00",
    "specialType": "Every Day"
  },
  {
    "productID": "COL089",
    "productName": "Coles Sun Ultra Sunscreen SPF50+",
    "category": "Health & Beauty",
    "brand": "Coles",
    "description": "100mL^, $4.00 per 100mL",
    "price": "$4.00",
    "specialType": "Every Day"
  },
  {
    "productID": "COL090",
    "productName": "Coles Fast Knockdown Multi or Crawling Insect Killer",
    "category": "Household",
    "brand": "Coles",
    "description": "300g-350g",
    "price": "$3.50",
    "specialType": "Every Day"
  },
  {
    "productID": "COL091",
    "productName": "Paper Tablecloth or Bunting Flags",
    "category": "Stationery & Media",
    "brand": "Generic",
    "description": "2.5 Meter",
    "price": "$4.00"
  },
  {
    "productID": "COL092",
    "productName": "3 Section Serving Tray, Chip N Dip Bowl, Rectangular Platter or Salad Bowl",
    "category": "Household",
    "brand": "Generic",
    "description": "",
    "price": "$8.00"
  },
  {
    "productID": "COL093",
    "productName": "Tumbler",
    "category": "Household",
    "brand": "Generic",
    "description": "",
    "price": "$3.00"
  },
  {
    "productID": "COL094",
    "productName": "Paper Cups 250mL 10 Pack, Paper Plates 10 Pack or Serviettes 25 Pack",
    "category": "Stationery & Media",
    "brand": "Generic",
    "description": "",
    "price": "$3.00"
  },
  {
    "productID": "COL095",
    "productName": "Tea Towel",
    "category": "Household",
    "brand": "Generic",
    "description": "",
    "price": "$6.00"
  },
  {
    "productID": "COL096",
    "productName": "Dodo $23 SIM + Credit Pack",
    "category": "Liquor",
    "brand": "Dodo",
    "description": "",
    "price": "$8.00",
    "originalPrice": "$23.00",
    "savings": "$15.00",
    "specialType": "Half Price Specials"
  },
  {
    "productID": "COL097",
    "productName": "Brita Water Filter Maxtra Pro Limescale Expert",
    "category": "Household",
    "brand": "Brita",
    "description": "4 Pack, $10.13 per each",
    "price": "$40.50",
    "originalPrice": "$58.00",
    "savings": "$17.50",
    "specialType": "Half Price Specials"
  },
  {
    "productID": "COL098",
    "productName": "Bic Mega Lighter",
    "category": "Stationery & Media",
    "brand": "Bic",
    "description": "1 Each",
    "price": "$7.00",
    "originalPrice": "$10.00",
    "savings": "$3.00",
    "specialType": "Half Price Specials"
  },
  {
    "productID": "COL099",
    "productName": "Flybuys 2,000 Bonus Points on $100 and $250 Coles Mastercard Gift Cards",
    "category": "Gift Cards",
    "brand": "Coles",
    "description": "",
    "price": ""
  },
  {
    "productID": "COL100",
    "productName": "Coles RSPCA Approved Chicken Boneless Herb & Garlic",
    "category": "Meat, Seafood & Deli",
    "brand": "Coles",
    "description": "1kg, $11.00 per kg",
    "price": "$11.00",
    "originalPrice": "$13.00",
    "savings": "$2.00",
    "specialType": "Half Price Specials"
  },
  {
    "productID": "COL101",
    "productName": "Coles Kitchen Green Goddess Salad Kit",
    "category": "Fruit & Vegetables",
    "brand": "Coles Kitchen",
    "description": "350g, $12.86 per kg",
    "price": "$4.50",
    "savings": "$2.00",
    "specialType": "Half Price Specials"
  },
  {
    "productID": "COL102",
    "productName": "Coles Australian Style Fetta",
    "category": "Dairy, Eggs & Meals",
    "brand": "Coles",
    "description": "200g, $16.00 per kg",
    "price": "$3.20",
    "specialType": "Every Day"
  },
  {
    "productID": "COL103",
    "productName": "Coles Bakery Stone Baked by Laurent Mini Pane di Casa",
    "category": "Bread & Bakery",
    "brand": "Coles Bakery",
    "description": "",
    "price": "$2.50",
    "originalPrice": "$3.25",
    "savings": "$0.75",
    "specialType": "Half Price Specials"
  },
  {
    "productID": "COL104",
    "productName": "Coles Kitchen Asian Style Salad Kit or Caesar Salad Kit",
    "category": "Fruit & Vegetables",
    "brand": "Coles Kitchen",
    "description": "350g or 290g",
    "price": "$4.50",
    "savings": "$2.00",
    "specialType": "Half Price Specials"
  },
  {
    "productID": "COL105",
    "productName": "Karumba Australian MSC Certified Thawed Raw Banana Prawns",
    "category": "Meat, Seafood & Deli",
    "brand": "Karumba",
    "description": "$17.00 per kg",
    "price": "$17.00",
    "originalPrice": "$22.00",
    "savings": "$5.00",
    "specialType": "Half Price Specials"
  },
  {
    "productID": "COL106",
    "productName": "Coles Australian No Added Hormones Beef Quick Cook Scotch Fillet or Porterhouse Steak, Coles Finest Sausages, Coles Entertaining Beef Burger Sliders, Pork Kransky Bites, Coles Australian No Added Hormones Beef Steak Peppered, Coles Australian No Added Hormones Beef Mince, Coles Australian Lamb Leg Steak, Coles Australian Pork Sizzle Steak, Coles RSPCA Approved Chicken Breast Diced",
    "category": "Meat, Seafood & Deli",
    "brand": "Coles",
    "description": "Various weights",
    "price": "$7.50",
    "savings": "$1.00",
    "specialType": "Half Price Specials"
  },
  {
    "productID": "COL107",
    "productName": "Coles RSPCA Approved Chicken Wings Honey & Soy",
    "category": "Meat, Seafood & Deli",
    "brand": "Coles",
    "description": "1kg, $9.00 per kg",
    "price": "$9.00",
    "originalPrice": "$10.00",
    "savings": "$1.00",
    "specialType": "Half Price Specials"
  },
  {
    "productID": "COL108",
    "productName": "Coles RSPCA Approved Chicken Kebabs Honey & Soy",
    "category": "Meat, Seafood & Deli",
    "brand": "Coles",
    "description": "750g, $13.33 per kg",
    "price": "$10.00",
    "originalPrice": "$11.50",
    "savings": "$1.50",
    "specialType": "Half Price Specials"
  },
  {
    "productID": "COL109",
    "productName": "Coles Australian No Added Hormones Beef Roast Topside",
    "category": "Meat, Seafood & Deli",
    "brand": "Coles",
    "description": "$17.50 per kg",
    "price": "$17.50",
    "originalPrice": "$19.00",
    "savings": "$1.50",
    "specialType": "Half Price Specials"
  },
  {
    "productID": "COL110",
    "productName": "Coles RSPCA Approved Chicken Whole Medium or Extra Large",
    "category": "Meat, Seafood & Deli",
    "brand": "Coles",
    "description": "$4.80 per kg",
    "price": "$4.80",
    "originalPrice": "$5.50",
    "savings": "$0.70",
    "specialType": "Half Price Specials"
  },
  {
    "productID": "COL111",
    "productName": "Coles Australian No Added Hormones Beef Sandwich Steak",
    "category": "Meat, Seafood & Deli",
    "brand": "Coles",
    "description": "400g, $25.00 per kg",
    "price": "$10.00",
    "originalPrice": "$13.00",
    "savings": "$3.00",
    "specialType": "Half Price Specials"
  },
  {
    "productID": "COL112",
    "productName": "Coles Australian Lamb Whole or Half Leg Roast",
    "category": "Meat, Seafood & Deli",
    "brand": "Coles",
    "description": "$15.00 per kg",
    "price": "$15.00",
    "originalPrice": "$17.00",
    "savings": "$2.00",
    "specialType": "Half Price Specials"
  },
  {
    "productID": "COL113",
    "productName": "Coles Australian Pork Sirloin Steak",
    "category": "Meat, Seafood & Deli",
    "brand": "Coles",
    "description": "500g, $19.00 per kg",
    "price": "$9.50",
    "originalPrice": "$12.50",
    "savings": "$3.00",
    "specialType": "Half Price Specials"
  },
  {
    "productID": "COL114",
    "productName": "Coles Made Easy Slow Cooked Honey BBQ Pork Belly Bites",
    "category": "Meat, Seafood & Deli",
    "brand": "Coles",
    "description": "500g, $26.00 per kg",
    "price": "$13.00",
    "originalPrice": "$15.00",
    "savings": "$2.00",
    "specialType": "Half Price Specials"
  },
  {
    "productID": "COL115",
    "productName": "Coles Finest Italian Style Sausages",
    "category": "Meat, Seafood & Deli",
    "brand": "Coles Finest",
    "description": "1kg, $14.00 per kg",
    "price": "$14.00"
  },
  {
    "productID": "COL116",
    "productName": "Coles Australian No Added Hormones Beef Scotch Fillet Thin Sliced Steak",
    "category": "Meat, Seafood & Deli",
    "brand": "Coles",
    "description": "400g, $43.75 per kg",
    "price": "$17.50",
    "originalPrice": "$21.00",
    "savings": "$3.50",
    "specialType": "Half Price Specials"
  },
  {
    "productID": "COL117",
    "productName": "Lilydale Free Range Hot Roast Sage & Onion Chicken",
    "category": "Meat, Seafood & Deli",
    "brand": "Lilydale",
    "description": "",
    "price": "$12.00",
    "originalPrice": "$13.50",
    "savings": "$1.50",
    "specialType": "Half Price Specials"
  },
  {
    "productID": "COL118",
    "productName": "Primo Rindless Short Cut Bacon",
    "category": "Meat, Seafood & Deli",
    "brand": "Primo",
    "description": "750g, $16.67 per kg",
    "price": "$12.50",
    "originalPrice": "$16.80",
    "savings": "$4.30",
    "specialType": "Half Price Specials"
  },
  {
    "productID": "COL119",
    "productName": "Coles Cream Cheese",
    "category": "Dairy, Eggs & Meals",
    "brand": "Coles",
    "description": "190g, $21.05 per kg",
    "price": "$4.00",
    "specialType": "Every Day"
  },
  {
    "productID": "COL120",
    "productName": "Coles Pre-Packed Antipasto",
    "category": "Dairy, Eggs & Meals",
    "brand": "Coles",
    "description": "110g-135g",
    "price": "$3.25",
    "savings": "$1.00",
    "specialType": "Half Price Specials"
  },
  {
    "productID": "COL121",
    "productName": "Hans Twiggy Sticks",
    "category": "Meat, Seafood & Deli",
    "brand": "Hans",
    "description": "$2.40 per 100g",
    "price": "$24.00",
    "originalPrice": "$36.00",
    "savings": "$12.00",
    "specialType": "Half Price Specials"
  },
  {
    "productID": "COL122",
    "productName": "KB's Deli Marinara Mix",
    "category": "Meat, Seafood & Deli",
    "brand": "KB's",
    "description": "$17.00 per kg",
    "price": "$17.00",
    "originalPrice": "$20.00",
    "savings": "$3.00",
    "specialType": "Half Price Specials"
  },
  {
    "productID": "COL123",
    "productName": "Tassal Smoked Salmon",
    "category": "Meat, Seafood & Deli",
    "brand": "Tassal",
    "description": "250g, $64.00 per kg",
    "price": "$16.00",
    "originalPrice": "$21.00",
    "savings": "$5.00",
    "specialType": "Half Price Specials"
  },
  {
    "productID": "COL124",
    "productName": "Coles Australian Fresh Barramundi Fillets Skin On",
    "category": "Meat, Seafood & Deli",
    "brand": "Coles",
    "description": "$28.00 per kg",
    "price": "$28.00",
    "originalPrice": "$36.00",
    "savings": "$8.00",
    "specialType": "Half Price Specials"
  },
  {
    "productID": "COL125",
    "productName": "Coles Pavlova",
    "category": "Bread & Bakery",
    "brand": "Coles",
    "description": "1 Pack",
    "price": "$7.00",
    "originalPrice": "$7.50",
    "savings": "$0.50",
    "specialType": "Half Price Specials"
  },
  {
    "productID": "COL126",
    "productName": "Coles Bakery Rolls",
    "category": "Bread & Bakery",
    "brand": "Coles Bakery",
    "description": "6 Pack, $0.50 per each",
    "price": "$3.00",
    "specialType": "Every Day"
  },
  {
    "productID": "COL127",
    "productName": "Coles Bakery Iced Donuts",
    "category": "Bread & Bakery",
    "brand": "Coles Bakery",
    "description": "6 Pack, $0.50 per each",
    "price": "$3.00",
    "originalPrice": "$3.80",
    "savings": "$0.80",
    "specialType": "Half Price Specials"
  },
  {
    "productID": "COL128",
    "productName": "Mr Kipling Fancies or Bakewells",
    "category": "Bread & Bakery",
    "brand": "Mr Kipling",
    "description": "205g-250g",
    "price": "$4.50",
    "originalPrice": "$6.50",
    "savings": "$2.00",
    "specialType": "Half Price Specials"
  },
  {
    "productID": "COL129",
    "productName": "Coles Bakery Cheesy Vegemite Scroll",
    "category": "Bread & Bakery",
    "brand": "Coles Bakery",
    "description": "",
    "price": "$2.75",
    "originalPrice": "$3.25",
    "savings": "$0.50",
    "specialType": "Half Price Specials"
  },
  {
    "productID": "COL130",
    "productName": "Coles Bakery Pizza Rolls",
    "category": "Bread & Bakery",
    "brand": "Coles Bakery",
    "description": "2 Pack, $1.75 per each",
    "price": "$3.50",
    "originalPrice": "$4.15",
    "savings": "$0.65",
    "specialType": "Half Price Specials"
  },
  {
    "productID": "COL131",
    "productName": "Coles Mini Pizza Bases",
    "category": "Bread & Bakery",
    "brand": "Coles",
    "description": "4 Pack 280g, $1.43 per 100g",
    "price": "$4.00",
    "specialType": "Every Day"
  },
  {
    "productID": "COL132",
    "productName": "Coles Hot Cross Buns",
    "category": "Bread & Bakery",
    "brand": "Coles",
    "description": "3 Pack, 6 Pack or 9 Pack",
    "price": "$4.40"
  },
  {
    "productID": "COL133",
    "productName": "Australian Black or Red Plums",
    "category": "Fruit & Vegetables",
    "brand": "Australian",
    "description": "$4.50 per kg",
    "price": "$4.50"
  },
  {
    "productID": "COL134",
    "productName": "Australian Raspberries",
    "category": "Fruit & Vegetables",
    "brand": "Australian",
    "description": "125g Punnet, $28.00 per kg",
    "price": "$3.50"
  },
  {
    "productID": "COL135",
    "productName": "Coles Australian Carrots",
    "category": "Fruit & Vegetables",
    "brand": "Coles",
    "description": "1kg Bag, $1.90 per kg",
    "price": "$1.90"
  },
  {
    "productID": "COL136",
    "productName": "Coles Australian Family Broccolini Pack",
    "category": "Fruit & Vegetables",
    "brand": "Coles",
    "description": "",
    "price": "$5.70"
  },
  {
    "productID": "COL137",
    "productName": "Coles Dry Roasted, Honey, Natural or Roasted & Salted Cashews",
    "category": "Pantry",
    "brand": "Coles",
    "description": "400g Pack, $22.50 per kg",
    "price": "$9.00",
    "originalPrice": "$10.00",
    "savings": "$1.00",
    "specialType": "Half Price Specials"
  },
  {
    "productID": "COL138",
    "productName": "Coles Australian Natural or Roasted & Salted Macadamias",
    "category": "Pantry",
    "brand": "Coles",
    "description": "400g Pack, $40.00 per kg",
    "price": "$16.00",
    "originalPrice": "$18.00",
    "savings": "$2.00",
    "specialType": "Half Price Specials"
  },
  {
    "productID": "COL139",
    "productName": "Australian Gourmet Tomatoes",
    "category": "Fruit & Vegetables",
    "brand": "Australian",
    "description": "$3.90 per kg",
    "price": "$3.90"
  },
  {
    "productID": "COL140",
    "productName": "Mt Franklin Lightly Sparkling Water",
    "category": "Drinks",
    "brand": "Mt Franklin",
    "description": "1.25 Litre, $1.56 per litre",
    "price": "$1.95",
    "originalPrice": "$3.25",
    "savings": "$1.30",
    "specialType": "Half Price Specials"
  },
  {
    "productID": "COL141",
    "productName": "Gatorade Sports Drink or G Active Water",
    "category": "Drinks",
    "brand": "Gatorade",
    "description": "600mL, $4.17 per litre",
    "price": "$2.50",
    "originalPrice": "$4.20",
    "savings": "$1.70",
    "specialType": "Half Price Specials"
  },
  {
    "productID": "COL142",
    "productName": "McVitie's Go Ahead Biscuits",
    "category": "Pantry",
    "brand": "McVitie's",
    "description": "4 Pack 174g, $1.72 per 100g",
    "price": "$3.00",
    "originalPrice": "$5.00",
    "savings": "$2.00",
    "specialType": "Half Price Specials"
  },
  {
    "productID": "COL143",
    "productName": "Arnott's Tee Vee Snacks Biscuits",
    "category": "Pantry",
    "brand": "Arnott's",
    "description": "175g, $1.89 per 100g",
    "price": "$3.30",
    "originalPrice": "$5.50",
    "savings": "$2.20",
    "specialType": "Half Price Specials"
  },
  {
    "productID": "COL144",
    "productName": "Cadbury or Europe Bites",
    "category": "Pantry",
    "brand": "Cadbury",
    "description": "120g-150g",
    "price": "$4.00",
    "originalPrice": "$7.00",
    "savings": "$3.00",
    "specialType": "Half Price Specials"
  },
  {
    "productID": "COL145",
    "productName": "V8 Powerblend Juice",
    "category": "Drinks",
    "brand": "V8",
    "description": "1.25 Litre, $2.88 per litre",
    "price": "$3.60",
    "originalPrice": "$6.00",
    "savings": "$2.40",
    "specialType": "Half Price Specials"
  },
  {
    "productID": "COL146",
    "productName": "Coca-Cola, Fanta or Sprite Soft Drink",
    "category": "Drinks",
    "brand": "Coca-Cola",
    "description": "10x375mL, $3.20 per litre",
    "price": "$12.00",
    "originalPrice": "$20.00",
    "savings": "$8.00",
    "specialType": "Half Price Specials"
  },
  {
    "productID": "COL147",
    "productName": "Pepsi Max, Solo or Mountain Dew Soft Drink",
    "category": "Drinks",
    "brand": "Pepsi",
    "description": "24x375mL, $2.50 per litre",
    "price": "$22.50",
    "originalPrice": "$37.50",
    "savings": "$15.00",
    "specialType": "Half Price Specials"
  },
  {
    "productID": "COL148",
    "productName": "Coca-Cola Soft Drink",
    "category": "Drinks",
    "brand": "Coca-Cola",
    "description": "30x375mL, $2.67 per litre",
    "price": "$30.00",
    "originalPrice": "$40.00",
    "savings": "$10.00",
    "specialType": "Half Price Specials"
  },
  {
    "productID": "COL149",
    "productName": "Monster Energy Drink",
    "category": "Drinks",
    "brand": "Monster",
    "description": "500mL, $6.00 per litre",
    "price": "$3.00",
    "originalPrice": "$4.30",
    "savings": "$1.30",
    "specialType": "Half Price Specials"
  },
  {
    "productID": "COL150",
    "productName": "Cocobella Coconut Water",
    "category": "Drinks",
    "brand": "Cocobella",
    "description": "1 Litre, $3.85 per litre",
    "price": "$3.85",
    "originalPrice": "$5.50",
    "savings": "$1.65",
    "specialType": "Half Price Specials"
  },
  {
    "productID": "COL151",
    "productName": "Rova Sparkling Water",
    "category": "Drinks",
    "brand": "Rova",
    "description": "4x250mL, $4.95 per litre",
    "price": "$4.95",
    "originalPrice": "$6.75",
    "savings": "$1.80",
    "specialType": "Half Price Specials"
  },
  {
    "productID": "COL152",
    "productName": "Calbee Harvest Snaps Big Bag",
    "category": "Pantry",
    "brand": "Calbee",
    "description": "230g, $2.61 per 100g",
    "price": "$6.00",
    "originalPrice": "$7.80",
    "savings": "$1.80",
    "specialType": "Half Price Specials"
  },
  {
    "productID": "COL153",
    "productName": "Remedy Kombucha",
    "category": "Drinks",
    "brand": "Remedy",
    "description": "4x250mL, $6.65 per litre",
    "price": "$6.65",
    "originalPrice": "$9.50",
    "savings": "$2.85",
    "specialType": "Half Price Specials"
  },
  {
    "productID": "COL154",
    "productName": "Red Bull Energy Drink",
    "category": "Drinks",
    "brand": "Red Bull",
    "description": "8x250mL, $7.35 per litre",
    "price": "$14.70",
    "originalPrice": "$21.00",
    "savings": "$6.30",
    "specialType": "Half Price Specials"
  },
  {
    "productID": "COL155",
    "productName": "Ferrero Rocher Gift Box",
    "category": "Pantry",
    "brand": "Ferrero Rocher",
    "description": "30 Pack 375g, $5.07 per 100g",
    "price": "$19.00",
    "originalPrice": "$32.00",
    "savings": "$13.00",
    "specialType": "Half Price Specials"
  },
  {
    "productID": "COL156",
    "productName": "Cadbury Dairy Milk Block Chocolate",
    "category": "Pantry",
    "brand": "Cadbury",
    "description": "150g-190g",
    "price": "$5.00",
    "originalPrice": "$8.00",
    "savings": "$3.00",
    "specialType": "Half Price Specials"
  },
  {
    "productID": "COL157",
    "productName": "Red Rock Deli Potato Chips",
    "category": "Pantry",
    "brand": "Red Rock Deli",
    "description": "150g-165g",
    "price": "$4.75",
    "originalPrice": "$6.00",
    "savings": "$1.25",
    "specialType": "Half Price Specials"
  },
  {
    "productID": "COL158",
    "productName": "Ritz Crackers",
    "category": "Pantry",
    "brand": "Ritz",
    "description": "227g, $1.23 per 100g",
    "price": "$2.80",
    "originalPrice": "$3.50",
    "savings": "$0.70",
    "specialType": "Half Price Specials"
  },
  {
    "productID": "COL159",
    "productName": "Oreo Mini Creme Cookies",
    "category": "Pantry",
    "brand": "Oreo",
    "description": "10 Pack 204g, $1.72 per 100g",
    "price": "$3.50",
    "originalPrice": "$5.00",
    "savings": "$1.50",
    "specialType": "Half Price Specials"
  },
  {
    "productID": "COL160",
    "productName": "Sour Patch Lollies",
    "category": "Pantry",
    "brand": "Sour Patch",
    "description": "190g, $1.84 per 100g",
    "price": "$3.50",
    "originalPrice": "$5.00",
    "savings": "$1.50",
    "specialType": "Half Price Specials"
  },
  {
    "productID": "COL161",
    "productName": "Cadbury Chocolate Bar",
    "category": "Pantry",
    "brand": "Cadbury",
    "description": "30g-55g",
    "price": "$2.00",
    "savings": "$2.00",
    "specialType": "Half Price Specials"
  },
  {
    "productID": "COL162",
    "productName": "Mars Fun Size Bags",
    "category": "Pantry",
    "brand": "Mars",
    "description": "132g-192g",
    "price": "$4.90",
    "originalPrice": "$7.00",
    "savings": "$2.10",
    "specialType": "Half Price Specials"
  },
  {
    "productID": "COL163",
    "productName": "Lindt Excellence Block Chocolate",
    "category": "Pantry",
    "brand": "Lindt",
    "description": "80g-100g",
    "price": "$5.95",
    "originalPrice": "$8.50",
    "savings": "$2.55",
    "specialType": "Half Price Specials"
  },
  {
    "productID": "COL164",
    "productName": "Sanitarium Weet-Bix",
    "category": "Pantry",
    "brand": "Sanitarium",
    "description": "1.2kg, $0.58 per 100g",
    "price": "$7.00",
    "specialType": "Every Day"
  },
  {
    "productID": "COL165",
    "productName": "Kellogg's LCMs Variety",
    "category": "Pantry",
    "brand": "Kellogg's",
    "description": "18 Pack 360g, $2.50 per 100g",
    "price": "$9.00",
    "specialType": "Every Day"
  },
  {
    "productID": "COL166",
    "productName": "Vegemite",
    "category": "Pantry",
    "brand": "Vegemite",
    "description": "560g, $1.77 per 100g",
    "price": "$9.90",
    "specialType": "Every Day"
  },
  {
    "productID": "COL167",
    "productName": "Vitasoy Unsweetened Almond Milk",
    "category": "Drinks",
    "brand": "Vitasoy",
    "description": "1 Litre, $2.00 per litre",
    "price": "$2.00",
    "originalPrice": "$3.30",
    "savings": "$1.30",
    "specialType": "Half Price Specials"
  },
  {
    "productID": "COL168",
    "productName": "Health Lab Plant-Protein Bar",
    "category": "Pantry",
    "brand": "Health Lab",
    "description": "50g, $7.00 per 100g",
    "price": "$3.50",
    "originalPrice": "$4.50",
    "savings": "$1.00",
    "specialType": "Half Price Specials"
  },
  {
    "productID": "COL169",
    "productName": "Uncle Tobys Muesli Bars or Nestlé Nesquik Bars",
    "category": "Pantry",
    "brand": "Uncle Tobys",
    "description": "145g-185g or 120g",
    "price": "$4.00",
    "originalPrice": "$5.50",
    "savings": "$1.50",
    "specialType": "Half Price Specials"
  },
  {
    "productID": "COL170",
    "productName": "Twinings Tea Bags",
    "category": "Pantry",
    "brand": "Twinings",
    "description": "8 Pack-10 Pack",
    "price": "$2.50",
    "savings": "$1.00",
    "specialType": "Half Price Specials"
  },
  {
    "productID": "COL171",
    "productName": "Mayver's Protein Bars Salted Caramel or Choc Fudge Brownie",
    "category": "Pantry",
    "brand": "Mayver's",
    "description": "128g, $4.53 per 100g",
    "price": "$5.80",
    "originalPrice": "$8.30",
    "savings": "$2.50",
    "specialType": "Half Price Specials"
  },
  {
    "productID": "COL172",
    "productName": "Nestlé Milo",
    "category": "Pantry",
    "brand": "Nestlé",
    "description": "395g-460g",
    "price": "$7.50",
    "originalPrice": "$10.70",
    "savings": "$3.20",
    "specialType": "Half Price Specials"
  },
  {
    "productID": "COL173",
    "productName": "Kellogg's Just Right",
    "category": "Pantry",
    "brand": "Kellogg's",
    "description": "740g, $0.95 per 100g",
    "price": "$7.00",
    "originalPrice": "$10.80",
    "savings": "$3.80",
    "specialType": "Half Price Specials"
  },
  {
    "productID": "COL174",
    "productName": "Kellogg's Crunchy Nut or Nutri Grain High Protein Choc Malt",
    "category": "Pantry",
    "brand": "Kellogg's",
    "description": "640g or 500g",
    "price": "$7.00",
    "originalPrice": "$10.00",
    "savings": "$3.00",
    "specialType": "Half Price Specials"
  },
  {
    "productID": "COL175",
    "productName": "Mayver's Peanut Butter",
    "category": "Pantry",
    "brand": "Mayver's",
    "description": "280g-375g",
    "price": "$4.40",
    "originalPrice": "$6.30",
    "savings": "$1.90",
    "specialType": "Half Price Specials"
  },
  {
    "productID": "COL176",
    "productName": "Bonne Maman Conserve",
    "category": "Pantry",
    "brand": "Bonne Maman",
    "description": "370g, $1.49 per 100g",
    "price": "$5.50",
    "originalPrice": "$6.90",
    "savings": "$1.40",
    "specialType": "Half Price Specials"
  },
  {
    "productID": "COL177",
    "productName": "Capilano Hot Chilli Honey",
    "category": "Pantry",
    "brand": "Capilano",
    "description": "340g, $1.91 per 100g",
    "price": "$6.50",
    "originalPrice": "$7.50",
    "savings": "$1.00",
    "specialType": "Half Price Specials"
  },
  {
    "productID": "COL178",
    "productName": "Lotus Biscoff Spread",
    "category": "Pantry",
    "brand": "Lotus",
    "description": "700g-720g",
    "price": "$10.00",
    "originalPrice": "$12.00",
    "savings": "$2.00",
    "specialType": "Half Price Specials"
  },
  {
    "productID": "COL179",
    "productName": "Nutella Hazelnut Chocolate Spread",
    "category": "Pantry",
    "brand": "Nutella",
    "description": "750g, $1.33 per 100g",
    "price": "$10.00",
    "originalPrice": "$12.50",
    "savings": "$2.50",
    "specialType": "Half Price Specials"
  },
  {
    "productID": "COL180",
    "productName": "Nescafé Blend 43 Instant Coffee",
    "category": "Pantry",
    "brand": "Nescafé",
    "description": "250g, $5.52 per 100g",
    "price": "$13.80",
    "originalPrice": "$23.00",
    "savings": "$9.20",
    "specialType": "Half Price Specials"
  },
  {
    "productID": "COL181",
    "productName": "Kellogg's LCMs",
    "category": "Pantry",
    "brand": "Kellogg's",
    "description": "12 Pack 240g-264g",
    "price": "$6.00",
    "originalPrice": "$7.50",
    "savings": "$1.50",
    "specialType": "Half Price Specials"
  },
  {
    "productID": "COL182",
    "productName": "Jordans Granola or Oat Clusters",
    "category": "Pantry",
    "brand": "Jordans",
    "description": "500g-750g",
    "price": "$5.40",
    "originalPrice": "$9.00",
    "savings": "$3.60",
    "specialType": "Half Price Specials"
  },
  {
    "productID": "COL183",
    "productName": "Nescafé Gold Instant Coffee",
    "category": "Pantry",
    "brand": "Nescafé",
    "description": "180g-200g",
    "price": "$13.80",
    "originalPrice": "$23.00",
    "savings": "$9.20",
    "specialType": "Half Price Specials"
  },
  {
    "productID": "COL184",
    "productName": "L'Or Coffee Beans",
    "category": "Pantry",
    "brand": "L'Or",
    "description": "500g, $3.90 per 100g",
    "price": "$19.50",
    "originalPrice": "$32.50",
    "savings": "$13.00",
    "specialType": "Half Price Specials"
  },
  {
    "productID": "COL185",
    "productName": "L'Or Nespresso Compatible Coffee Capsules",
    "category": "Pantry",
    "brand": "L'Or",
    "description": "10 Pack, $0.65 per each",
    "price": "$6.50",
    "originalPrice": "$8.70",
    "savings": "$2.20",
    "specialType": "Half Price Specials"
  },
  {
    "productID": "COL186",
    "productName": "Vittoria Espresso Ground Coffee",
    "category": "Pantry",
    "brand": "Vittoria",
    "description": "200g, $5.75 per 100g",
    "price": "$11.50",
    "originalPrice": "$16.80",
    "savings": "$5.30",
    "specialType": "Half Price Specials"
  },
  {
    "productID": "COL187",
    "productName": "Starbucks by Nespresso Coffee Capsules",
    "category": "Pantry",
    "brand": "Starbucks",
    "description": "36 Pack, $0.64 per each",
    "price": "$23.00",
    "originalPrice": "$26.00",
    "savings": "$3.00",
    "specialType": "Half Price Specials"
  },
  {
    "productID": "COL188",
    "productName": "Moccona Freeze Dried Instant Coffee",
    "category": "Pantry",
    "brand": "Moccona",
    "description": "400g, $6.50 per 100g",
    "price": "$26.00",
    "originalPrice": "$37.50",
    "savings": "$11.50",
    "specialType": "Half Price Specials"
  },
  {
    "productID": "COL189",
    "productName": "Grinders Coffee Beans",
    "category": "Pantry",
    "brand": "Grinders",
    "description": "1kg, $3.20 per 100g",
    "price": "$32.00",
    "originalPrice": "$46.00",
    "savings": "$14.00",
    "specialType": "Half Price Specials"
  },
  {
    "productID": "COL190",
    "productName": "Lavazza Qualita Oro Coffee Beans or Ground",
    "category": "Pantry",
    "brand": "Lavazza",
    "description": "1kg, $3.50 per 100g",
    "price": "$35.00",
    "originalPrice": "$50.00",
    "savings": "$15.00",
    "specialType": "Half Price Specials"
  },
  {
    "productID": "COL191",
    "productName": "Coles Corn Kernels",
    "category": "Pantry",
    "brand": "Coles",
    "description": "125g, $6.80 per kg",
    "price": "$0.85",
    "specialType": "Every Day"
  },
  {
    "productID": "COL192",
    "productName": "Coles Italian Tomatoes",
    "category": "Pantry",
    "brand": "Coles",
    "description": "400g, $2.75 per kg",
    "price": "$1.10",
    "specialType": "Every Day"
  },
  {
    "productID": "COL193",
    "productName": "Nestlé Nesquik Strawberry or Banana Flavoured Milk Drink",
    "category": "Pantry",
    "brand": "Nestlé",
    "description": "250g, $1.60 per 100g",
    "price": "$4.00",
    "specialType": "Every Day"
  },
  {
    "productID": "COL194",
    "productName": "Sirena Tuna",
    "category": "Pantry",
    "brand": "Sirena",
    "description": "95g, $21.05 per kg",
    "price": "$2.00",
    "originalPrice": "$2.95",
    "savings": "$0.95",
    "specialType": "Half Price Specials"
  },
  {
    "productID": "COL195",
    "productName": "Campbell's Real Stock",
    "category": "Pantry",
    "brand": "Campbell's",
    "description": "500mL, $0.40 per 100mL",
    "price": "$2.00",
    "originalPrice": "$2.75",
    "savings": "$0.75",
    "specialType": "Half Price Specials"
  },
  {
    "productID": "COL196",
    "productName": "John West Salmon",
    "category": "Pantry",
    "brand": "John West",
    "description": "95g, $29.47 per kg",
    "price": "$2.80",
    "originalPrice": "$3.50",
    "savings": "$0.70",
    "specialType": "Half Price Specials"
  },
  {
    "productID": "COL197",
    "productName": "Maggi 2 Minute Noodles",
    "category": "Pantry",
    "brand": "Maggi",
    "description": "5 Pack 345g-395g",
    "price": "$3.50",
    "originalPrice": "$5.00",
    "savings": "$1.50",
    "specialType": "Half Price Specials"
  },
  {
    "productID": "COL198",
    "productName": "Heinz Seriously Good Aioli or Mayonnaise",
    "category": "Pantry",
    "brand": "Heinz",
    "description": "500mL, $0.90 per 100mL",
    "price": "$4.50",
    "originalPrice": "$7.00",
    "savings": "$2.50",
    "specialType": "Half Price Specials"
  },
  {
    "productID": "COL199",
    "productName": "Old El Paso Hard 'N Soft Taco Kit",
    "category": "Pantry",
    "brand": "Old El Paso",
    "description": "350g, $1.90 per 100g",
    "price": "$6.65",
    "originalPrice": "$9.50",
    "savings": "$2.85",
    "specialType": "Half Price Specials"
  },
  {
    "productID": "COL200",
    "productName": "Capsicana Mexican Style Seasoning Mix",
    "category": "Pantry",
    "brand": "Capsicana",
    "description": "28g, $8.93 per 100g",
    "price": "$2.50",
    "originalPrice": "$3.00",
    "savings": "$0.50",
    "specialType": "Half Price Specials"
  },
  {
    "productID": "COL201",
    "productName": "Coles Asia Snacking Bites",
    "category": "Pantry",
    "brand": "Coles",
    "description": "70g, $4.29 per 100g",
    "price": "$3.00",
    "originalPrice": "$4.00",
    "savings": "$1.00",
    "specialType": "Half Price Specials"
  },
  {
    "productID": "COL202",
    "productName": "Praise Dressing",
    "category": "Pantry",
    "brand": "Praise",
    "description": "330mL, $0.91 per 100mL",
    "price": "$3.00",
    "originalPrice": "$3.60",
    "savings": "$0.60",
    "specialType": "Half Price Specials"
  },
  {
    "productID": "COL203",
    "productName": "MasterFoods Relish or Chutney",
    "category": "Pantry",
    "brand": "MasterFoods",
    "description": "250g-260g",
    "price": "$3.60",
    "originalPrice": "$4.50",
    "savings": "$0.90",
    "specialType": "Half Price Specials"
  },
  {
    "productID": "COL204",
    "productName": "Always Fresh Dill Pickled Cucumbers",
    "category": "Pantry",
    "brand": "Always Fresh",
    "description": "680g, $5.37 per kg",
    "price": "$3.65",
    "originalPrice": "$4.60",
    "savings": "$0.95",
    "specialType": "Half Price Specials"
  },
  {
    "productID": "COL205",
    "productName": "Nombox Meal Box",
    "category": "Frozen",
    "brand": "Nombox",
    "description": "350g, $1.14 per 100g",
    "price": "$4.00",
    "originalPrice": "$4.50",
    "savings": "$0.50",
    "specialType": "Half Price Specials"
  },
  {
    "productID": "COL206",
    "productName": "Crisco Canola or Vegetable Oil",
    "category": "Pantry",
    "brand": "Crisco",
    "description": "750mL, $0.59 per 100mL",
    "price": "$4.40",
    "originalPrice": "$5.50",
    "savings": "$1.10",
    "specialType": "Half Price Specials"
  },
  {
    "productID": "COL207",
    "productName": "Crisco Peanut Oil",
    "category": "Pantry",
    "brand": "Crisco",
    "description": "750mL, $1.07 per 100mL",
    "price": "$8.00",
    "originalPrice": "$9.00",
    "savings": "$1.00",
    "specialType": "Half Price Specials"
  },
  {
    "productID": "COL208",
    "productName": "Caffé Ducale Coffee Beans",
    "category": "Pantry",
    "brand": "Caffé Ducale",
    "description": "500g, $3.00 per 100g",
    "price": "$15.00",
    "originalPrice": "$19.00",
    "savings": "$4.00",
    "specialType": "Half Price Specials"
  },
  {
    "productID": "COL209",
    "productName": "Moro Olive Oil",
    "category": "Pantry",
    "brand": "Moro",
    "description": "1 Litre, $1.60 per 100mL",
    "price": "$16.00",
    "originalPrice": "$27.00",
    "savings": "$11.00",
    "specialType": "Half Price Specials"
  },
  {
    "productID": "COL210",
    "productName": "Mutti Polpa Tomatoes",
    "category": "Pantry",
    "brand": "Mutti",
    "description": "400g, $4.50 per kg",
    "price": "$1.80",
    "originalPrice": "$2.30",
    "savings": "$0.50",
    "specialType": "Half Price Specials"
  },
  {
    "productID": "COL211",
    "productName": "San Remo Pasta",
    "category": "Pantry",
    "brand": "San Remo",
    "description": "375g-500g",
    "price": "$2.30",
    "originalPrice": "$2.95",
    "savings": "$0.65",
    "specialType": "Half Price Specials"
  },
  {
    "productID": "COL212",
    "productName": "Green's Pancake Mix",
    "category": "Pantry",
    "brand": "Green's",
    "description": "300g-375g",
    "price": "$2.80",
    "originalPrice": "$3.50",
    "savings": "$0.70",
    "specialType": "Half Price Specials"
  },
  {
    "productID": "COL213",
    "productName": "Golden Circle Pineapple",
    "category": "Pantry",
    "brand": "Golden Circle",
    "description": "440g-450g",
    "price": "$3.50",
    "originalPrice": "$4.40",
    "savings": "$0.90",
    "specialType": "Half Price Specials"
  },
  {
    "productID": "COL214",
    "productName": "Cottee's Ice Magic Choc or Thick n Rich Chocolate Topping",
    "category": "Pantry",
    "brand": "Cottee's",
    "description": "220g or 615g",
    "price": "$3.80",
    "originalPrice": "$5.00",
    "savings": "$1.20",
    "specialType": "Half Price Specials"
  },
  {
    "productID": "COL215",
    "productName": "Berri Quelch 99% Fruit Juice Icy Tubes",
    "category": "Drinks",
    "brand": "Berri",
    "description": "24 Pack, $0.22 per each",
    "price": "$5.30",
    "originalPrice": "$7.80",
    "savings": "$2.50",
    "specialType": "Half Price Specials"
  },
  {
    "productID": "COL216",
    "productName": "La Española Olive Oil",
    "category": "Pantry",
    "brand": "La Española",
    "description": "4 Litre, $1.13 per 100mL",
    "price": "$45.00",
    "originalPrice": "$55.00",
    "savings": "$10.00",
    "specialType": "Half Price Specials"
  },
  {
    "productID": "COL217",
    "productName": "Fropro Protein Pizza Slices",
    "category": "Frozen",
    "brand": "Fropro",
    "description": "2 Pack 360g, $2.14 per 100g",
    "price": "$7.70",
    "originalPrice": "$12.95",
    "savings": "$5.25",
    "specialType": "Half Price Specials"
  },
  {
    "productID": "COL218",
    "productName": "Fropro Protein Pizza",
    "category": "Frozen",
    "brand": "Fropro",
    "description": "325g, $2.37 per 100g",
    "price": "$7.70",
    "originalPrice": "$12.95",
    "savings": "$5.25",
    "specialType": "Half Price Specials"
  },
  {
    "productID": "COL219",
    "productName": "Fropro FPFC High Protein Chicken Tenders or Burgers",
    "category": "Frozen",
    "brand": "Fropro",
    "description": "300g, $25.67 per kg",
    "price": "$7.70",
    "originalPrice": "$12.95",
    "savings": "$5.25",
    "specialType": "Half Price Specials"
  },
  {
    "productID": "COL220",
    "productName": "Fropro Protein Pie",
    "category": "Frozen",
    "brand": "Fropro",
    "description": "2 Pack 440g, $1.75 per 100g",
    "price": "$7.70",
    "originalPrice": "$12.95",
    "savings": "$5.25",
    "specialType": "Half Price Specials"
  },
  {
    "productID": "COL221",
    "productName": "Hong Kong Dim Sim Kitchen Pork & Chive Dumplings",
    "category": "Frozen",
    "brand": "Hong Kong Dim Sim Kitchen",
    "description": "300g, $1.42 per 100g",
    "price": "$4.25",
    "originalPrice": "$8.50",
    "savings": "$4.25",
    "specialType": "Half Price Specials"
  },
  {
    "productID": "COL222",
    "productName": "McCain Pub Style Fries",
    "category": "Frozen",
    "brand": "McCain",
    "description": "750g, $5.60 per kg",
    "price": "$4.20",
    "originalPrice": "$6.00",
    "savings": "$1.80",
    "specialType": "Half Price Specials"
  },
  {
    "productID": "COL223",
    "productName": "Birds Eye Snap Frozen Carrot, Cauliflower & Broccoli",
    "category": "Frozen",
    "brand": "Birds Eye",
    "description": "1kg, $5.20 per kg",
    "price": "$5.20",
    "originalPrice": "$6.50",
    "savings": "$1.30",
    "specialType": "Half Price Specials"
  },
  {
    "productID": "COL224",
    "productName": "McCain Family Pizza",
    "category": "Frozen",
    "brand": "McCain",
    "description": "490g-500g",
    "price": "$7.00",
    "originalPrice": "$8.80",
    "savings": "$1.80",
    "specialType": "Half Price Specials"
  },
  {
    "productID": "COL225",
    "productName": "McCain Pub Size Meal",
    "category": "Frozen",
    "brand": "McCain",
    "description": "480g-500g",
    "price": "$7.60",
    "originalPrice": "$9.50",
    "savings": "$1.90",
    "specialType": "Half Price Specials"
  },
  {
    "productID": "COL226",
    "productName": "Birds Eye Oven Bake Fish Fillets",
    "category": "Frozen",
    "brand": "Birds Eye",
    "description": "425g, $21.18 per kg",
    "price": "$9.00",
    "originalPrice": "$12.00",
    "savings": "$3.00",
    "specialType": "Half Price Specials"
  },
  {
    "productID": "COL227",
    "productName": "Coles Irresistible Ice Cream Tub",
    "category": "Frozen",
    "brand": "Coles",
    "description": "1 Litre, $0.65 per 100mL",
    "price": "$6.50",
    "specialType": "Every Day"
  },
  {
    "productID": "COL228",
    "productName": "Coles Irresistible Ice Cream Sticks",
    "category": "Frozen",
    "brand": "Coles",
    "description": "4 Pack 400mL, $1.63 per 100mL",
    "price": "$6.50",
    "specialType": "Every Day"
  },
  {
    "productID": "COL229",
    "productName": "Streets Blue Ribbon Frozen Dessert Tub",
    "category": "Frozen",
    "brand": "Streets",
    "description": "2 Litre, $0.33 per 100mL",
    "price": "$6.50",
    "specialType": "Every Day"
  },
  {
    "productID": "COL230",
    "productName": "Coles Mixed Pack Pops",
    "category": "Frozen",
    "brand": "Coles",
    "description": "15 Pack 825mL, $0.88 per 100mL",
    "price": "$7.30",
    "specialType": "Every Day"
  },
  {
    "productID": "COL231",
    "productName": "Peters Frosty Fruits Sticks or Lifesavers Icy Poles",
    "category": "Frozen",
    "brand": "Peters",
    "description": "6 Pack-8 Pack 420mL-600mL",
    "price": "$6.00",
    "originalPrice": "$9.00",
    "savings": "$3.00",
    "specialType": "Half Price Specials"
  },
  {
    "productID": "COL232",
    "productName": "Sara Lee Frozen Cheesecake",
    "category": "Frozen",
    "brand": "Sara Lee",
    "description": "360g-425g",
    "price": "$6.30",
    "originalPrice": "$9.00",
    "savings": "$2.70",
    "specialType": "Half Price Specials"
  },
  {
    "productID": "COL233",
    "productName": "Sara Lee Ice Cream Tub",
    "category": "Frozen",
    "brand": "Sara Lee",
    "description": "1 Litre, $0.85 per 100mL",
    "price": "$8.50",
    "originalPrice": "$12.00",
    "savings": "$3.50",
    "specialType": "Half Price Specials"
  },
  {
    "productID": "COL234",
    "productName": "Häagen-Dazs Ice Cream Tub",
    "category": "Frozen",
    "brand": "Häagen-Dazs",
    "description": "457mL, $1.48 per 100mL",
    "price": "$6.75",
    "originalPrice": "$13.50",
    "savings": "$6.75",
    "specialType": "Half Price Specials"
  },
  {
    "productID": "COL235",
    "productName": "Weis Frozen Dessert Bars",
    "category": "Frozen",
    "brand": "Weis",
    "description": "4 Pack-6 Pack 264mL-280mL",
    "price": "$4.75",
    "originalPrice": "$9.50",
    "savings": "$4.75",
    "specialType": "Half Price Specials"
  },
  {
    "productID": "COL236",
    "productName": "Oreo Cones or Nestlé Kit Kat Sticks",
    "category": "Frozen",
    "brand": "Oreo",
    "description": "4 Pack 360mL-475mL",
    "price": "$5.75",
    "originalPrice": "$11.50",
    "savings": "$5.75",
    "specialType": "Half Price Specials"
  },
  {
    "productID": "COL237",
    "productName": "Gym Bod Protein Dessert Tub",
    "category": "Frozen",
    "brand": "Gym Bod",
    "description": "475mL, $1.39 per 100mL",
    "price": "$6.60",
    "originalPrice": "$11.00",
    "savings": "$4.40",
    "specialType": "Half Price Specials"
  },
  {
    "productID": "COL238",
    "productName": "Bulla Frozen Dessert Sticks",
    "category": "Frozen",
    "brand": "Bulla",
    "description": "8 Pack-14 Pack 472mL-750mL",
    "price": "$7.00",
    "originalPrice": "$10.00",
    "savings": "$3.00",
    "specialType": "Half Price Specials"
  },
  {
    "productID": "COL239",
    "productName": "Connoisseur Ice Cream Sticks",
    "category": "Frozen",
    "brand": "Connoisseur",
    "description": "4 Pack-6 Pack 360mL-400mL",
    "price": "$7.90",
    "originalPrice": "$12.00",
    "savings": "$4.10",
    "specialType": "Half Price Specials"
  },
  {
    "productID": "COL240",
    "productName": "Dairy Farmers Thick & Creamy Yoghurt",
    "category": "Dairy, Eggs & Meals",
    "brand": "Dairy Farmers",
    "description": "140g-150g",
    "price": "$1.75",
    "originalPrice": "$2.95",
    "savings": "$1.20",
    "specialType": "Half Price Specials"
  },
  {
    "productID": "COL241",
    "productName": "Boss Iced Coffee",
    "category": "Drinks",
    "brand": "Boss",
    "description": "237mL, $10.13 per litre",
    "price": "$2.40",
    "originalPrice": "$4.00",
    "savings": "$1.60",
    "specialType": "Half Price Specials"
  },
  {
    "productID": "COL242",
    "productName": "Vaalia Boost Yoghurt Pouch",
    "category": "Dairy, Eggs & Meals",
    "brand": "Vaalia",
    "description": "150g, $1.30 per 100g",
    "price": "$1.95",
    "originalPrice": "$2.80",
    "savings": "$0.85",
    "specialType": "Half Price Specials"
  },
  {
    "productID": "COL243",
    "productName": "Black Swan Crafted Dip",
    "category": "Dairy, Eggs & Meals",
    "brand": "Black Swan",
    "description": "150g-170g",
    "price": "$4.00",
    "originalPrice": "$5.00",
    "savings": "$1.00",
    "specialType": "Half Price Specials"
  },
  {
    "productID": "COL244",
    "productName": "Nuffin Dip",
    "category": "Dairy, Eggs & Meals",
    "brand": "Nuffin",
    "description": "200g, $2.00 per 100g",
    "price": "$4.00",
    "originalPrice": "$5.00",
    "savings": "$1.00",
    "specialType": "Half Price Specials"
  },
  {
    "productID": "COL245",
    "productName": "Perfect Italiano Grated Cheese",
    "category": "Dairy, Eggs & Meals",
    "brand": "Perfect Italiano",
    "description": "250g, $20.80 per kg",
    "price": "$5.20",
    "originalPrice": "$6.50",
    "savings": "$1.30",
    "specialType": "Half Price Specials"
  },
  {
    "productID": "COL246",
    "productName": "Cheer Cheese Block",
    "category": "Dairy, Eggs & Meals",
    "brand": "Cheer",
    "description": "400g, $17.50 per kg",
    "price": "$7.00",
    "originalPrice": "$9.00",
    "savings": "$2.00",
    "specialType": "Half Price Specials"
  },
  {
    "productID": "COL247",
    "productName": "Yumi's Dip",
    "category": "Dairy, Eggs & Meals",
    "brand": "Yumi's",
    "description": "200g, $1.75 per 100g",
    "price": "$3.50",
    "savings": "$2.00",
    "specialType": "Half Price Specials"
  },
  {
    "productID": "COL248",
    "productName": "Chobani Fit Flip Protein Yogurt",
    "category": "Dairy, Eggs & Meals",
    "brand": "Chobani",
    "description": "140g-142g",
    "price": "$2.25",
    "originalPrice": "$4.50",
    "savings": "$2.25",
    "specialType": "Half Price Specials"
  },
  {
    "productID": "COL249",
    "productName": "Chobani Fit Protein Yogurt Pouch",
    "category": "Dairy, Eggs & Meals",
    "brand": "Chobani",
    "description": "150g, $1.20 per 100g",
    "price": "$1.80",
    "originalPrice": "$3.00",
    "savings": "$1.20",
    "specialType": "Half Price Specials"
  },
  {
    "productID": "COL250",
    "productName": "Cocobella Protein Coconut Yoghurt Pouch",
    "category": "Dairy, Eggs & Meals",
    "brand": "Cocobella",
    "description": "160g, $1.25 per 100g",
    "price": "$2.00",
    "originalPrice": "$2.90",
    "savings": "$0.90",
    "specialType": "Half Price Specials"
  },
  {
    "productID": "COL251",
    "productName": "Pauls Plus+ Protein Dessert",
    "category": "Dairy, Eggs & Meals",
    "brand": "Pauls",
    "description": "160g, $1.53 per 100g",
    "price": "$2.45",
    "originalPrice": "$3.10",
    "savings": "$0.65",
    "specialType": "Half Price Specials"
  },
  {
    "productID": "COL252",
    "productName": "Pauls Plus+ Protein Flavoured Milk",
    "category": "Dairy, Eggs & Meals",
    "brand": "Pauls",
    "description": "400mL, $8.50 per litre",
    "price": "$3.40",
    "originalPrice": "$4.40",
    "savings": "$1.00",
    "specialType": "Half Price Specials"
  },
  {
    "productID": "COL253",
    "productName": "Voost Effervescent Hydrate",
    "category": "Health & Beauty",
    "brand": "Voost",
    "description": "20 Pack^, $0.42 per each",
    "price": "$8.40",
    "originalPrice": "$12.00",
    "savings": "$3.60",
    "specialType": "Half Price Specials"
  },
  {
    "productID": "COL254",
    "productName": "Head & Shoulders Clean & Balanced Shampoo or Conditioner",
    "category": "Health & Beauty",
    "brand": "Head & Shoulders",
    "description": "400mL, $2.63 per 100mL",
    "price": "$10.50",
    "originalPrice": "$15.00",
    "savings": "$4.50",
    "specialType": "Half Price Specials"
  },
  {
    "productID": "COL255",
    "productName": "Panadol Rapid Paracetamol Pain Relief Caplets",
    "category": "Health & Beauty",
    "brand": "Panadol",
    "description": "16 Pack^, $0.31 per each",
    "price": "$5.00",
    "originalPrice": "$5.70",
    "savings": "$0.70",
    "specialType": "Half Price Specials"
  },
  {
    "productID": "COL256",
    "productName": "B.Box Lunch Box or Insulated Drink Bottle",
    "category": "Baby",
    "brand": "B.Box",
    "description": "350mL 1 Each",
    "price": "$25.00",
    "originalPrice": "$33.00",
    "savings": "$8.00",
    "specialType": "Half Price Specials"
  },
  {
    "productID": "COL257",
    "productName": "QV Baby Gentle Wash",
    "category": "Baby",
    "brand": "QV",
    "description": "500g, $3.28 per 100g",
    "price": "$16.40",
    "originalPrice": "$20.50",
    "savings": "$4.10",
    "specialType": "Half Price Specials"
  },
  {
    "productID": "COL258",
    "productName": "Nestlé NAN SupremePro Stage 3 Milk Drink",
    "category": "Baby",
    "brand": "Nestlé",
    "description": "800g, $3.00 per 100g",
    "price": "$24.00",
    "originalPrice": "$30.00",
    "savings": "$6.00",
    "specialType": "Half Price Specials"
  },
  {
    "productID": "COL259",
    "productName": "BabyLove Jumbo Nappy Pants",
    "category": "Baby",
    "brand": "BabyLove",
    "description": "42 Pack-56 Pack",
    "price": "$24.00",
    "originalPrice": "$31.00",
    "savings": "$7.00",
    "specialType": "Half Price Specials"
  },
  {
    "productID": "COL260",
    "productName": "Heinz 4 Months+, 6 Months+ or 8 Months+ Baby Food Pouch",
    "category": "Baby",
    "brand": "Heinz",
    "description": "120g, $1.25 per 100g",
    "price": "$1.50",
    "originalPrice": "$1.80",
    "savings": "$0.30",
    "specialType": "Half Price Specials"
  },
  {
    "productID": "COL261",
    "productName": "Huggies Ultra Dry Bulk Nappies",
    "category": "Baby",
    "brand": "Huggies",
    "description": "30 Pack-54 Pack",
    "price": "$17.00",
    "originalPrice": "$22.00",
    "savings": "$5.00",
    "specialType": "Half Price Specials"
  },
  {
    "productID": "COL262",
    "productName": "Huggies Baby Wipes",
    "category": "Baby",
    "brand": "Huggies",
    "description": "216 Pack-240 Pack",
    "price": "$10.70",
    "originalPrice": "$14.00",
    "savings": "$3.30",
    "specialType": "Half Price Specials"
  },
  {
    "productID": "COL263",
    "productName": "Gillette Venus Extra Smooth Razor Kit with 2 Refill Blades",
    "category": "Health & Beauty",
    "brand": "Gillette",
    "description": "1 Pack",
    "price": "$10.50",
    "originalPrice": "$21.00",
    "savings": "$10.50",
    "specialType": "Half Price Specials"
  },
  {
    "productID": "COL264",
    "productName": "Air Wick Pure Le Prime Cherry Blossom Plug In Diffuser & Refill",
    "category": "Household",
    "brand": "Air Wick",
    "description": "1 Pack, $3.68 per 10mL",
    "price": "$7.00",
    "originalPrice": "$14.00",
    "savings": "$7.00",
    "specialType": "Half Price Specials"
  },
  {
    "productID": "COL265",
    "productName": "Bow Wow Pigs Ear or Beef Roo Roll Dog Treat",
    "category": "Pet",
    "brand": "Bow Wow",
    "description": "1 Pack",
    "price": "$2.45",
    "originalPrice": "$3.50",
    "savings": "$1.05",
    "specialType": "Half Price Specials"
  },
  {
    "productID": "COL266",
    "productName": "Fancy Feast Classic or Creamy Delights Cat Food",
    "category": "Pet",
    "brand": "Fancy Feast",
    "description": "85g, $1.18 per 100g",
    "price": "$1.00",
    "originalPrice": "$1.60",
    "savings": "$0.60",
    "specialType": "Half Price Specials"
  },
  {
    "productID": "COL267",
    "productName": "Dine Classic Collections Cat Food",
    "category": "Pet",
    "brand": "Dine",
    "description": "7x85g, $1.34 per 100g",
    "price": "$8.00",
    "originalPrice": "$10.00",
    "savings": "$2.00",
    "specialType": "Half Price Specials"
  },
  {
    "productID": "COL268",
    "productName": "Farmers Market Dry Dog Food",
    "category": "Pet",
    "brand": "Farmers Market",
    "description": "6.8kg, $0.41 per 100g",
    "price": "$28.00",
    "originalPrice": "$40.00",
    "savings": "$12.00",
    "specialType": "Half Price Specials"
  },
  {
    "productID": "COL269",
    "productName": "Fancy Feast Dry Cat Food",
    "category": "Pet",
    "brand": "Fancy Feast",
    "description": "450g, $1.22 per 100g",
    "price": "$5.50",
    "originalPrice": "$7.00",
    "savings": "$1.50",
    "specialType": "Half Price Specials"
  },
  {
    "productID": "COL270",
    "productName": "Schmackos Dog Treats",
    "category": "Pet",
    "brand": "Schmackos",
    "description": "450g-500g",
    "price": "$13.60",
    "originalPrice": "$17.00",
    "savings": "$3.40",
    "specialType": "Half Price Specials"
  },
  {
    "productID": "COL271",
    "productName": "Supercoat Dry Dog Food",
    "category": "Pet",
    "brand": "Supercoat",
    "description": "2.6kg-2.8kg",
    "price": "$10.80",
    "originalPrice": "$18.00",
    "savings": "$7.20",
    "specialType": "Half Price Specials"
  },
  {
    "productID": "COL272",
    "productName": "Hercules ClickZip Resealable Sandwich Bags",
    "category": "Household",
    "brand": "Hercules",
    "description": "100 Pack, $0.05 per each",
    "price": "$4.70",
    "originalPrice": "$5.25",
    "savings": "$0.55",
    "specialType": "Half Price Specials"
  },
  {
    "productID": "COL273",
    "productName": "Omo Laundry Liquid",
    "category": "Household",
    "brand": "Omo",
    "description": "4 Litre, $6.75 per litre",
    "price": "$27.00",
    "originalPrice": "$30.00",
    "savings": "$3.00",
    "specialType": "Half Price Specials"
  },
  {
    "productID": "COL274",
    "productName": "Telstra T-Prime 5G",
    "category": "Liquor",
    "brand": "Telstra",
    "description": "",
    "price": "$179.00",
    "originalPrice": "$199.00",
    "savings": "$20.00",
    "specialType": "Half Price Specials"
  },
  {
    "productID": "COL275",
    "productName": "Boost $39 SIM Pack",
    "category": "Liquor",
    "brand": "Boost",
    "description": "",
    "price": "$13.00",
    "originalPrice": "$39.00",
    "savings": "$26.00",
    "specialType": "Half Price Specials"
  },
  {
    "productID": "COL276",
    "productName": "Coles Mobile $280 Prepaid SIM",
    "category": "Liquor",
    "brand": "Coles Mobile",
    "description": "",
    "price": "$189.00",
    "originalPrice": "$280.00",
    "savings": "$91.00",
    "specialType": "Half Price Specials"
  },
  {
    "productID": "COL277",
    "productName": "Balter XPA Cans",
    "category": "Liquor",
    "brand": "Balter",
    "description": "16x375mL",
    "price": "$61.00",
    "originalPrice": "$67.00"
  },
  {
    "productID": "COL278",
    "productName": "Peroni Nastro Azzurro 5% Bottles",
    "category": "Liquor",
    "brand": "Peroni",
    "description": "24x330mL",
    "price": "$57.00",
    "originalPrice": "$64.00"
  },
  {
    "productID": "COL279",
    "productName": "Stone & Wood Pacific Ale Bottles",
    "category": "Liquor",
    "brand": "Stone & Wood",
    "description": "24x330mL",
    "price": "$80.00",
    "originalPrice": "$86.00"
  },
  {
    "productID": "COL280",
    "productName": "Coopers Sparkling Ale Cans",
    "category": "Liquor",
    "brand": "Coopers",
    "description": "6x375mL",
    "price": "$23.00",
    "originalPrice": "$28.00"
  },
  {
    "productID": "COL281",
    "productName": "Hard Rated Cans",
    "category": "Liquor",
    "brand": "Hard Rated",
    "description": "4x375mL",
    "price": "$21.00",
    "originalPrice": "$26.00"
  },
  {
    "productID": "COL282",
    "productName": "Jack Daniels & Cola Cans",
    "category": "Liquor",
    "brand": "Jack Daniels",
    "description": "10x375mL",
    "price": "$50.00",
    "originalPrice": "$60.00"
  },
  {
    "productID": "COL283",
    "productName": "Kirin Hyoketsu Mixed Pack Cans",
    "category": "Liquor",
    "brand": "Kirin",
    "description": "10x330mL",
    "price": "$52.00",
    "originalPrice": "$57.00"
  },
  {
    "productID": "COL284",
    "productName": "Canadian Club Lemon Crush Cans",
    "category": "Liquor",
    "brand": "Canadian Club",
    "description": "6x375mL",
    "price": "$28.00",
    "originalPrice": "$34.00"
  },
  {
    "productID": "COL285",
    "productName": "Altos Platos Tequila",
    "category": "Liquor",
    "brand": "Altos",
    "description": "700mL",
    "price": "$60.00",
    "originalPrice": "$76.00"
  },
  {
    "productID": "COL286",
    "productName": "Absolut Vodka",
    "category": "Liquor",
    "brand": "Absolut",
    "description": "1 Litre",
    "price": "$69.00",
    "originalPrice": "$76.00"
  },
  {
    "productID": "COL287",
    "productName": "Fireball Cinnamon Flavoured Whisky",
    "category": "Liquor",
    "brand": "Fireball",
    "description": "700mL",
    "price": "$52.00",
    "originalPrice": "$62.00"
  },
  {
    "productID": "COL288",
    "productName": "Jack Daniels Gentleman Jack Tennessee Whiskey",
    "category": "Liquor",
    "brand": "Jack Daniels",
    "description": "700mL",
    "price": "$63.00",
    "originalPrice": "$79.00"
  },
  {
    "productID": "COL289",
    "productName": "Cradle Bay Sauvignon Blanc",
    "category": "Liquor",
    "brand": "Cradle Bay",
    "description": "750mL",
    "price": "$7.00",
    "originalPrice": "$14.00",
    "savings": "$7.00",
    "specialType": "Half Price Specials"
  },
  {
    "productID": "COL290",
    "productName": "Jacob’s Creek Reserve Sparkling Prosecco",
    "category": "Liquor",
    "brand": "Jacob’s Creek",
    "description": "750mL",
    "price": "$12.00",
    "originalPrice": "$16.00",
    "savings": "$4.00",
    "specialType": "Half Price Specials"
  },
  {
    "productID": "COL291",
    "productName": "Sisters Run Cabernet Sauvignon",
    "category": "Liquor",
    "brand": "Sisters Run",
    "description": "750mL",
    "price": "$14.00",
    "originalPrice": "$20.00",
    "savings": "$6.00",
    "specialType": "Half Price Specials"
  },
  {
    "productID": "COL292",
    "productName": "Squealini Ripe Raspberry Spritz",
    "category": "Liquor",
    "brand": "Squealini",
    "description": "750mL",
    "price": "$16.00",
    "originalPrice": "$21.00",
    "savings": "$5.00",
    "specialType": "Half Price Specials"
  },
  {
    "productID": "COL293",
    "productName": "Coles RSPCA Approved Chicken Whole Medium or Extra Large",
    "category": "Meat, Seafood & Deli",
    "brand": "Coles",
    "description": "$4.80 per kg",
    "price": "$4.80",
    "originalPrice": "$5.50",
    "savings": "$0.70",
    "specialType": "Half Price Specials"
  },
  {
    "productID": "COL294",
    "productName": "Coles Australian No Added Hormones Beef Sandwich Steak",
    "category": "Meat, Seafood & Deli",
    "brand": "Coles",
    "description": "400g, $25.00 per kg",
    "price": "$10.00",
    "originalPrice": "$13.00",
    "savings": "$3.00",
    "specialType": "Half Price Specials"
  },
  {
    "productID": "COL295",
    "productName": "Coles Australian Lamb Whole or Half Leg Roast",
    "category": "Meat, Seafood & Deli",
    "brand": "Coles",
    "description": "$15.00 per kg",
    "price": "$15.00",
    "originalPrice": "$17.00",
    "savings": "$2.00",
    "specialType": "Half Price Specials"
  },
  {
    "productID": "COL296",
    "productName": "Coles Australian Pork Sirloin Steak",
    "category": "Meat, Seafood & Deli",
    "brand": "Coles",
    "description": "500g, $19.00 per kg",
    "price": "$9.50",
    "originalPrice": "$12.50",
    "savings": "$3.00",
    "specialType": "Half Price Specials"
  },
  {
    "productID": "COL297",
    "productName": "Coles Made Easy Slow Cooked Honey BBQ Pork Belly Bites",
    "category": "Meat, Seafood & Deli",
    "brand": "Coles",
    "description": "500g, $26.00 per kg",
    "price": "$13.00",
    "originalPrice": "$15.00",
    "savings": "$2.00",
    "specialType": "Half Price Specials"
  },
  {
    "productID": "COL298",
    "productName": "Coles Finest Italian Style Sausages",
    "category": "Meat, Seafood & Deli",
    "brand": "Coles Finest",
    "description": "1kg, $14.00 per kg",
    "price": "$14.00"
  },
  {
    "productID": "COL299",
    "productName": "Coles Australian No Added Hormones Beef Scotch Fillet Thin Sliced Steak",
    "category": "Meat, Seafood & Deli",
    "brand": "Coles",
    "description": "400g, $43.75 per kg",
    "price": "$17.50",
    "originalPrice": "$21.00",
    "savings": "$3.50",
    "specialType": "Half Price Specials"
  },
  {
    "productID": "COL300",
    "productName": "Lilydale Free Range Hot Roast Sage & Onion Chicken",
    "category": "Meat, Seafood & Deli",
    "brand": "Lilydale",
    "description": "",
    "price": "$12.00",
    "originalPrice": "$13.50",
    "savings": "$1.50",
    "specialType": "Half Price Specials"
  },
  {
    "productID": "COL301",
    "productName": "Primo Rindless Short Cut Bacon",
    "category": "Meat, Seafood & Deli",
    "brand": "Primo",
    "description": "750g, $16.67 per kg",
    "price": "$12.50",
    "originalPrice": "$16.80",
    "savings": "$4.30",
    "specialType": "Half Price Specials"
  },
  {
    "productID": "COL302",
    "productName": "Coles Cream Cheese",
    "category": "Dairy, Eggs & Meals",
    "brand": "Coles",
    "description": "190g, $21.05 per kg",
    "price": "$4.00",
    "specialType": "Every Day"
  },
  {
    "productID": "COL303",
    "productName": "Coles Pre-Packed Antipasto",
    "category": "Dairy, Eggs & Meals",
    "brand": "Coles",
    "description": "110g-135g",
    "price": "$3.25",
    "savings": "$1.00",
    "specialType": "Half Price Specials"
  },
  {
    "productID": "COL304",
    "productName": "Hans Twiggy Sticks",
    "category": "Meat, Seafood & Deli",
    "brand": "Hans",
    "description": "$2.40 per 100g",
    "price": "$24.00",
    "originalPrice": "$36.00",
    "savings": "$12.00",
    "specialType": "Half Price Specials"
  },
  {
    "productID": "COL305",
    "productName": "KB's Deli Marinara Mix",
    "category": "Meat, Seafood & Deli",
    "brand": "KB's",
    "description": "$17.00 per kg",
    "price": "$17.00",
    "originalPrice": "$20.00",
    "savings": "$3.00",
    "specialType": "Half Price Specials"
  },
  {
    "productID": "COL306",
    "productName": "Tassal Smoked Salmon",
    "category": "Meat, Seafood & Deli",
    "brand": "Tassal",
    "description": "250g, $64.00 per kg",
    "price": "$16.00",
    "originalPrice": "$21.00",
    "savings": "$5.00",
    "specialType": "Half Price Specials"
  },
  {
    "productID": "COL307",
    "productName": "Coles Australian Fresh Barramundi Fillets Skin On",
    "category": "Meat, Seafood & Deli",
    "brand": "Coles",
    "description": "$28.00 per kg",
    "price": "$28.00",
    "originalPrice": "$36.00",
    "savings": "$8.00",
    "specialType": "Half Price Specials"
  },
  {
    "productID": "COL308",
    "productName": "Coles Pavlova",
    "category": "Bread & Bakery",
    "brand": "Coles",
    "description": "1 Pack",
    "price": "$7.00",
    "originalPrice": "$7.50",
    "savings": "$0.50",
    "specialType": "Half Price Specials"
  },
  {
    "productID": "COL309",
    "productName": "Coles Bakery Rolls",
    "category": "Bread & Bakery",
    "brand": "Coles Bakery",
    "description": "6 Pack, $0.50 per each",
    "price": "$3.00",
    "specialType": "Every Day"
  },
  {
    "productID": "COL310",
    "productName": "Coles Bakery Iced Donuts",
    "category": "Bread & Bakery",
    "brand": "Coles Bakery",
    "description": "6 Pack, $0.50 per each",
    "price": "$3.00",
    "originalPrice": "$3.80",
    "savings": "$0.80",
    "specialType": "Half Price Specials"
  },
  {
    "productID": "COL311",
    "productName": "Mr Kipling Fancies or Bakewells",
    "category": "Bread & Bakery",
    "brand": "Mr Kipling",
    "description": "205g-250g",
    "price": "$4.50",
    "originalPrice": "$6.50",
    "savings": "$2.00",
    "specialType": "Half Price Specials"
  },
  {
    "productID": "COL312",
    "productName": "Coles Bakery Cheesy Vegemite Scroll",
    "category": "Bread & Bakery",
    "brand": "Coles Bakery",
    "description": "",
    "price": "$2.75",
    "originalPrice": "$3.25",
    "savings": "$0.50",
    "specialType": "Half Price Specials"
  },
  {
    "productID": "COL313",
    "productName": "Coles Bakery Pizza Rolls",
    "category": "Bread & Bakery",
    "brand": "Coles Bakery",
    "description": "2 Pack, $1.75 per each",
    "price": "$3.50",
    "originalPrice": "$4.15",
    "savings": "$0.65",
    "specialType": "Half Price Specials"
  },
  {
    "productID": "COL314",
    "productName": "Coles Mini Pizza Bases",
    "category": "Bread & Bakery",
    "brand": "Coles",
    "description": "4 Pack 280g, $1.43 per 100g",
    "price": "$4.00",
    "specialType": "Every Day"
  },
  {
    "productID": "COL315",
    "productName": "Coles Hot Cross Buns",
    "category": "Bread & Bakery",
    "brand": "Coles",
    "description": "3 Pack, 6 Pack or 9 Pack",
    "price": "$4.40"
  },
  {
    "productID": "COL316",
    "productName": "Australian Black or Red Plums",
    "category": "Fruit & Vegetables",
    "brand": "Australian",
    "description": "$4.50 per kg",
    "price": "$4.50"
  },
  {
    "productID": "COL317",
    "productName": "Australian Raspberries",
    "category": "Fruit & Vegetables",
    "brand": "Australian",
    "description": "125g Punnet, $28.00 per kg",
    "price": "$3.50"
  },
  {
    "productID": "COL318",
    "productName": "Coles Australian Carrots",
    "category": "Fruit & Vegetables",
    "brand": "Coles",
    "description": "1kg Bag, $1.90 per kg",
    "price": "$1.90"
  },
  {
    "productID": "COL319",
    "productName": "Coles Australian Family Broccolini Pack",
    "category": "Fruit & Vegetables",
    "brand": "Coles",
    "description": "",
    "price": "$5.70"
  },
  {
    "productID": "COL320",
    "productName": "Coles Dry Roasted, Honey, Natural or Roasted & Salted Cashews",
    "category": "Pantry",
    "brand": "Coles",
    "description": "400g Pack, $22.50 per kg",
    "price": "$9.00",
    "originalPrice": "$10.00",
    "savings": "$1.00",
    "specialType": "Half Price Specials"
  }
]