[
  {
    "productID": "CL001",
    "productName": "Red Rock Deli Potato Chips 150g-165g",
    "category": "Pantry",
    "brand": "Red Rock Deli",
    "description": "150g-165g",
    "price": "$3.00",
    "originalPrice": "$6.00",
    "savings": "$3.00",
    "specialType": "Half Price Specials"
  },
  {
    "productID": "CL002",
    "productName": "Peters Maxibon 4 Pack 560mL",
    "category": "Frozen",
    "brand": "Peters",
    "description": "4 Pack 560mL, $1.03 per 100mL",
    "price": "$5.75",
    "originalPrice": "$11.50",
    "savings": "$5.75",
    "specialType": "Half Price Specials"
  },
  {
    "productID": "CL003",
    "productName": "Cocobella Coconut Water 1 Litre",
    "category": "Drinks",
    "brand": "Cocobella",
    "description": "1 Litre, $2.75 per litre",
    "price": "$2.75",
    "originalPrice": "$5.50",
    "savings": "$2.75",
    "specialType": "Half Price Specials"
  },
  {
    "productID": "CL004",
    "productName": "John West Tuna 95g",
    "category": "Pantry",
    "brand": "John West",
    "description": "95g, $15.26 per kg",
    "price": "$1.45",
    "originalPrice": "$2.90",
    "savings": "$1.45",
    "specialType": "Half Price Specials"
  },
  {
    "productID": "CL005",
    "productName": "Grill'd Oscar Piastri Wagyu Burgers 2 Pack 330g",
    "category": "Meat, Seafood & Deli",
    "brand": "Grill'd",
    "description": "2 Pack 330g, $36.36 per kg",
    "price": "$12.00",
    "originalPrice": "N/A",
    "savings": "N/A",
    "specialType": "Special"
  },
  {
    "productID": "CL006",
    "productName": "M&M's, Maltesers or Pods 120g-180g",
    "category": "Pantry",
    "brand": "M&M's",
    "description": "120g-180g",
    "price": "$3.50",
    "originalPrice": "$7.00",
    "savings": "$3.50",
    "specialType": "Half Price Specials"
  },
  {
    "productID": "CL007",
    "productName": "Kirks Soft Drink 10x375mL",
    "category": "Drinks",
    "brand": "Kirks",
    "description": "10x375mL, $2.07 per litre",
    "price": "$7.75",
    "originalPrice": "$15.50",
    "savings": "$7.75",
    "specialType": "Half Price Specials"
  },
  {
    "productID": "CL008",
    "productName": "Handee Ultra Paper Towel 2 Pack",
    "category": "Household",
    "brand": "Handee",
    "description": "2 Pack, $1.79 per 100 sheets",
    "price": "$2.15",
    "originalPrice": "$4.30",
    "savings": "$2.15",
    "specialType": "Half Price Specials"
  },
  {
    "productID": "CL009",
    "productName": "Schweppes Soft Drink, Mixers or Mineral Water 4x300mL",
    "category": "Drinks",
    "brand": "Schweppes",
    "description": "4x300mL, $3.33 per litre",
    "price": "$4.00",
    "originalPrice": "$8.00",
    "savings": "$4.00",
    "specialType": "Half Price Specials"
  },
  {
    "productID": "CL010",
    "productName": "Pantene Miracles Shampoo 650mL or Conditioner 600mL",
    "category": "Health & Beauty",
    "brand": "Pantene",
    "description": "650mL or 600mL",
    "price": "$10.00",
    "originalPrice": "$20.00",
    "savings": "$10.00",
    "specialType": "Half Price Specials"
  },
  {
    "productID": "CL011",
    "productName": "Omo Laundry Liquid 2 Litre",
    "category": "Household",
    "brand": "Omo",
    "description": "2 Litre, $7.50 per litre",
    "price": "$15.00",
    "originalPrice": "$30.00",
    "savings": "$15.00",
    "specialType": "Half Price Specials"
  },
  {
    "productID": "CL012",
    "productName": "Cadbury Bunny 150g-170g",
    "category": "Pantry",
    "brand": "Cadbury",
    "description": "150g-170g",
    "price": "$7.00",
    "originalPrice": "$10.00",
    "savings": "$3.00",
    "specialType": "Special"
  },
  {
    "productID": "CL013",
    "productName": "Cadbury Dairy Milk Hunting Eggs 255g",
    "category": "Pantry",
    "brand": "Cadbury",
    "description": "255g, $4.12 per 100g",
    "price": "$10.50",
    "originalPrice": "$15.00",
    "savings": "$4.50",
    "specialType": "Special"
  },
  {
    "productID": "CL014",
    "productName": "Poppin Microwave Popcorn 100g",
    "category": "Pantry",
    "brand": "Poppin",
    "description": "100g, $1.00 per 100g",
    "price": "$1.00",
    "originalPrice": "$2.00",
    "savings": "$1.00",
    "specialType": "Half Price Specials"
  },
  {
    "productID": "CL015",
    "productName": "Oreo Creme Cookies 128g-131g",
    "category": "Pantry",
    "brand": "Oreo",
    "description": "128g-131g",
    "price": "$1.50",
    "originalPrice": "$3.00",
    "savings": "$1.50",
    "specialType": "Half Price Specials"
  },
  {
    "productID": "CL016",
    "productName": "Powerade Sports Drink 600mL",
    "category": "Drinks",
    "brand": "Powerade",
    "description": "600mL, $3.67 per litre",
    "price": "$2.20",
    "originalPrice": "$4.40",
    "savings": "$2.20",
    "specialType": "Half Price Specials"
  },
  {
    "productID": "CL017",
    "productName": "Cottee's Cordial 1 Litre",
    "category": "Drinks",
    "brand": "Cottee's",
    "description": "1 Litre, $2.75 per litre",
    "price": "$2.75",
    "originalPrice": "$5.50",
    "savings": "$2.75",
    "specialType": "Half Price Specials"
  },
  {
    "productID": "CL018",
    "productName": "Cadbury Sharepack 120g-180g",
    "category": "Pantry",
    "brand": "Cadbury",
    "description": "120g-180g",
    "price": "$3.75",
    "originalPrice": "$7.50",
    "savings": "$3.75",
    "specialType": "Half Price Specials"
  },
  {
    "productID": "CL019",
    "productName": "Cadbury Old Gold or Velvet Block Chocolate 150g-180g",
    "category": "Pantry",
    "brand": "Cadbury",
    "description": "150g-180g",
    "price": "$4.00",
    "originalPrice": "$8.00",
    "savings": "$4.00",
    "specialType": "Half Price Specials"
  },
  {
    "productID": "CL020",
    "productName": "Lindt Easter Medley Bag 297g",
    "category": "Pantry",
    "brand": "Lindt",
    "description": "297g, $5.39 per 100g",
    "price": "$16.00",
    "originalPrice": "$32.00",
    "savings": "$16.00",
    "specialType": "Half Price Specials"
  },
  {
    "productID": "CL021",
    "productName": "Golden Circle Tetra Fruit Drink 1 Litre",
    "category": "Drinks",
    "brand": "Golden Circle",
    "description": "1 Litre, $1.50 per litre",
    "price": "$1.50",
    "originalPrice": "$3.00",
    "savings": "$1.50",
    "specialType": "Half Price Specials"
  },
  {
    "productID": "CL022",
    "productName": "Ben's Original Flavoured Rice Pouch 220g-250g",
    "category": "Pantry",
    "brand": "Ben's Original",
    "description": "220g-250g",
    "price": "$2.00",
    "originalPrice": "$4.00",
    "savings": "$2.00",
    "specialType": "Half Price Specials"
  },
  {
    "productID": "CL023",
    "productName": "Nice & Natural Protein or Nut Butter Bars 165g-200g",
    "category": "Pantry",
    "brand": "Nice & Natural",
    "description": "165g-200g",
    "price": "$3.25",
    "originalPrice": "$6.50",
    "savings": "$3.25",
    "specialType": "Half Price Specials"
  },
  {
    "productID": "CL024",
    "productName": "Moccona Café Classics Coffee Sachets 10 Pack",
    "category": "Pantry",
    "brand": "Moccona",
    "description": "10 Pack, $0.40 per each",
    "price": "$3.95",
    "originalPrice": "$7.90",
    "savings": "$3.95",
    "specialType": "Half Price Specials"
  },
  {
    "productID": "CL025",
    "productName": "Nestlé Milo Bars 210g-270g",
    "category": "Pantry",
    "brand": "Nestlé",
    "description": "210g-270g",
    "price": "$4.50",
    "originalPrice": "$9.00",
    "savings": "$4.50",
    "specialType": "Half Price Specials"
  },
  {
    "productID": "CL026",
    "productName": "Bertolli Dress & Drizz Extra Virgin Olive Oil 460mL",
    "category": "Pantry",
    "brand": "Bertolli",
    "description": "460mL, $1.74 per 100mL",
    "price": "$8.00",
    "originalPrice": "$16.00",
    "savings": "$8.00",
    "specialType": "Half Price Specials"
  },
  {
    "productID": "CL027",
    "productName": "Cobram Ultra Premium Olive Oil 500mL",
    "category": "Pantry",
    "brand": "Cobram",
    "description": "500mL, $2.50 per 100mL",
    "price": "$12.50",
    "originalPrice": "$25.00",
    "savings": "$12.50",
    "specialType": "Half Price Specials"
  },
  {
    "productID": "CL028",
    "productName": "Gold Sunset Vegetable or Canola Oil 4 Litre",
    "category": "Pantry",
    "brand": "Gold Sunset",
    "description": "4 Litre, $0.38 per 100mL",
    "price": "$15.00",
    "originalPrice": "$30.00",
    "savings": "$15.00",
    "specialType": "Half Price Specials"
  },
  {
    "productID": "CL029",
    "productName": "Morning Fresh Dishwashing Liquid 350mL",
    "category": "Household",
    "brand": "Morning Fresh",
    "description": "350mL, $0.86 per 100mL",
    "price": "$3.00",
    "originalPrice": "$6.00",
    "savings": "$3.00",
    "specialType": "Half Price Specials"
  },
  {
    "productID": "CL030",
    "productName": "Finish Dishwasher Deep Cleaner 250mL",
    "category": "Household",
    "brand": "Finish",
    "description": "250mL, $2.10 per 100mL",
    "price": "$5.25",
    "originalPrice": "$10.50",
    "savings": "$5.25",
    "specialType": "Half Price Specials"
  },
  {
    "productID": "CL031",
    "productName": "Finish Ultimate Dishwashing Tablets 46 Pack",
    "category": "Household",
    "brand": "Finish",
    "description": "46 Pack, $0.53 per each",
    "price": "$24.50",
    "originalPrice": "$49.00",
    "savings": "$24.50",
    "specialType": "Half Price Specials"
  },
  {
    "productID": "CL032",
    "productName": "Bref In The Bowl Toilet Cleaner Two Pack 100g",
    "category": "Household",
    "brand": "Bref",
    "description": "Two Pack 100g, $5.50 per 100g",
    "price": "$5.50",
    "originalPrice": "$11.00",
    "savings": "$5.50",
    "specialType": "Half Price Specials"
  },
  {
    "productID": "CL033",
    "productName": "Comfort Fabric Conditioner 800mL",
    "category": "Household",
    "brand": "Comfort",
    "description": "800mL, $5.63 per litre",
    "price": "$4.50",
    "originalPrice": "$9.00",
    "savings": "$4.50",
    "specialType": "Half Price Specials"
  },
  {
    "productID": "CL034",
    "productName": "Vanish NapiSan Gold Pro Turbo Stain Remover Powder 2kg",
    "category": "Household",
    "brand": "Vanish",
    "description": "2kg, $9.50 per kg",
    "price": "$19.00",
    "originalPrice": "$38.00",
    "savings": "$19.00",
    "specialType": "Half Price Specials"
  },
  {
    "productID": "CL035",
    "productName": "Biozet Attack Plus Laundry Liquid 2 Litre or Powder 2kg",
    "category": "Household",
    "brand": "Biozet",
    "description": "2 Litre or 2kg",
    "price": "$13.00",
    "originalPrice": "$26.00",
    "savings": "$13.00",
    "specialType": "Half Price Specials"
  },
  {
    "productID": "CL036",
    "productName": "Cold Power Laundry Liquid 4 Litre",
    "category": "Household",
    "brand": "Cold Power",
    "description": "4 Litre, $4.88 per litre",
    "price": "$19.50",
    "originalPrice": "$39.00",
    "savings": "$19.50",
    "specialType": "Half Price Specials"
  },
  {
    "productID": "CL037",
    "productName": "Kinder Surprise Easter Bunny 75g",
    "category": "Pantry",
    "brand": "Kinder",
    "description": "75g, $8.40 per 100g",
    "price": "$6.30",
    "originalPrice": "$9.00",
    "savings": "$2.70",
    "specialType": "Special"
  },
  {
    "productID": "CL038",
    "productName": "Red Tulip Elegant Rabbit 200g",
    "category": "Pantry",
    "brand": "Red Tulip",
    "description": "200g, $3.85 per 100g",
    "price": "$7.70",
    "originalPrice": "$11.00",
    "savings": "$3.30",
    "specialType": "Special"
  },
  {
    "productID": "CL039",
    "productName": "Mars M&M's Speckled Eggs Bag 130g-150g",
    "category": "Pantry",
    "brand": "Mars",
    "description": "130g-150g",
    "price": "$4.90",
    "originalPrice": "$7.00",
    "savings": "$2.10",
    "specialType": "Special"
  },
  {
    "productID": "CL040",
    "productName": "Cadbury Easter Egg Bag 110g-125g",
    "category": "Pantry",
    "brand": "Cadbury",
    "description": "110g-125g",
    "price": "$5.25",
    "originalPrice": "$7.50",
    "savings": "$2.25",
    "specialType": "Special"
  },
  {
    "productID": "CL041",
    "productName": "Kinder Mini Eggs Bag 100g",
    "category": "Pantry",
    "brand": "Kinder",
    "description": "100g, $5.60 per 100g",
    "price": "$5.60",
    "originalPrice": "$8.00",
    "savings": "$2.40",
    "specialType": "Special"
  },
  {
    "productID": "CL042",
    "productName": "Ferrero Collection Easter Eggs Bag 100g",
    "category": "Pantry",
    "brand": "Ferrero",
    "description": "100g, $6.50 per 100g",
    "price": "$6.50",
    "originalPrice": "$9.30",
    "savings": "$2.80",
    "specialType": "Special"
  },
  {
    "productID": "CL043",
    "productName": "Cadbury Humpty Dumpty Easter Egg Gift Box 132g",
    "category": "Pantry",
    "brand": "Cadbury",
    "description": "132g, $6.06 per 100g",
    "price": "$8.00",
    "originalPrice": "$11.50",
    "savings": "$3.50",
    "specialType": "Special"
  },
  {
    "productID": "CL044",
    "productName": "Darrell Lea Nougat Easter Egg 150g",
    "category": "Pantry",
    "brand": "Darrell Lea",
    "description": "150g, $6.00 per 100g",
    "price": "$9.00",
    "originalPrice": "$13.00",
    "savings": "$4.00",
    "specialType": "Special"
  },
  {
    "productID": "CL045",
    "productName": "Coles Finest Easter Eggs Bag 120g",
    "category": "Pantry",
    "brand": "Coles",
    "description": "120g, $3.21 per 100g",
    "price": "$3.85",
    "originalPrice": "$5.50",
    "savings": "$1.65",
    "specialType": "Special"
  },
  {
    "productID": "CL046",
    "productName": "Coles Easter Milk Chocolate Crunch Mini Eggs 120g",
    "category": "Pantry",
    "brand": "Coles",
    "description": "120g, $2.63 per 100g",
    "price": "$3.15",
    "originalPrice": "$4.50",
    "savings": "$1.35",
    "specialType": "Special"
  },
  {
    "productID": "CL047",
    "productName": "Coles Easter Caramel White Chocolate Mini Eggs 120g",
    "category": "Pantry",
    "brand": "Coles",
    "description": "120g, $2.63 per 100g",
    "price": "$3.15",
    "originalPrice": "$4.50",
    "savings": "$1.35",
    "specialType": "Special"
  },
  {
    "productID": "CL048",
    "productName": "Ferrero Rocher Bunny 70g",
    "category": "Pantry",
    "brand": "Ferrero Rocher",
    "description": "70g, $9.00 per 100g",
    "price": "$6.30",
    "originalPrice": "$9.00",
    "savings": "$2.70",
    "specialType": "Special"
  },
  {
    "productID": "CL049",
    "productName": "Lindt Gold Bunny 100g",
    "category": "Pantry",
    "brand": "Lindt",
    "description": "100g, $8.40 per 100g",
    "price": "$8.40",
    "originalPrice": "$12.00",
    "savings": "$3.60",
    "specialType": "Special"
  },
  {
    "productID": "CL050",
    "productName": "Health Lab Low Sugar Half Eggs with Gooey Caramel 100g",
    "category": "Pantry",
    "brand": "Health Lab",
    "description": "100g, $7.20 per 100g",
    "price": "$7.20",
    "originalPrice": "$12.00",
    "savings": "$4.80",
    "specialType": "Special"
  },
  {
    "productID": "CL051",
    "productName": "Cadbury Easter Egg Gift Box 153g-172g",
    "category": "Pantry",
    "brand": "Cadbury",
    "description": "153g-172g",
    "price": "$9.45",
    "originalPrice": "$13.50",
    "savings": "$4.05",
    "specialType": "Special"
  },
  {
    "productID": "CL052",
    "productName": "Bubble Wand",
    "category": "Stationery & Media",
    "brand": "Coles",
    "description": "Each",
    "price": "$2.00",
    "originalPrice": "N/A",
    "savings": "N/A",
    "specialType": "Special"
  },
  {
    "productID": "CL053",
    "productName": "Bunny Dessert Decor",
    "category": "Household",
    "brand": "Coles",
    "description": "Each",
    "price": "$12.00",
    "originalPrice": "N/A",
    "savings": "N/A",
    "specialType": "Special"
  },
  {
    "productID": "CL054",
    "productName": "Bunny Ears or Easter Bunny Basket",
    "category": "Household",
    "brand": "Coles",
    "description": "Each",
    "price": "$2.00",
    "originalPrice": "N/A",
    "savings": "N/A",
    "specialType": "Special"
  },
  {
    "productID": "CL055",
    "productName": "Carrot Bowl with Spoon Set",
    "category": "Household",
    "brand": "Coles",
    "description": "Each",
    "price": "$7.00",
    "originalPrice": "N/A",
    "savings": "N/A",
    "specialType": "Special"
  },
  {
    "productID": "CL056",
    "productName": "Bunny Cheese Spreader",
    "category": "Household",
    "brand": "Coles",
    "description": "Each",
    "price": "$6.00",
    "originalPrice": "N/A",
    "savings": "N/A",
    "specialType": "Special"
  },
  {
    "productID": "CL057",
    "productName": "Compartment Platter",
    "category": "Household",
    "brand": "Coles",
    "description": "Each",
    "price": "$12.00",
    "originalPrice": "N/A",
    "savings": "N/A",
    "specialType": "Special"
  },
  {
    "productID": "CL058",
    "productName": "Daisy Scalloped Bowls 2 Pack",
    "category": "Household",
    "brand": "Coles",
    "description": "2 Pack",
    "price": "$6.00",
    "originalPrice": "N/A",
    "savings": "N/A",
    "specialType": "Special"
  },
  {
    "productID": "CL059",
    "productName": "Gingham Table Runner or Novelty Daisy Mug",
    "category": "Household",
    "brand": "Coles",
    "description": "Each",
    "price": "$6.00",
    "originalPrice": "N/A",
    "savings": "N/A",
    "specialType": "Special"
  },
  {
    "productID": "CL060",
    "productName": "Glass Ribbed Bowl",
    "category": "Household",
    "brand": "Coles",
    "description": "Each",
    "price": "$12.00",
    "originalPrice": "N/A",
    "savings": "N/A",
    "specialType": "Special"
  },
  {
    "productID": "CL061",
    "productName": "Coles Easter Limited Edition Hot Cross Buns 4 Pack 320g",
    "category": "Bread & Bakery",
    "brand": "Coles",
    "description": "4 Pack 320g, $1.38 per each",
    "price": "$5.50",
    "originalPrice": "N/A",
    "savings": "N/A",
    "specialType": "Special"
  },
  {
    "productID": "CL062",
    "productName": "Coles Thawed Basa Fillets",
    "category": "Meat, Seafood & Deli",
    "brand": "Coles",
    "description": "per kg",
    "price": "$9.00",
    "originalPrice": "$11.00",
    "savings": "$2.00",
    "specialType": "Special"
  },
  {
    "productID": "CL063",
    "productName": "Austral MSC Certified Thawed Blue Grenadier Fillets",
    "category": "Meat, Seafood & Deli",
    "brand": "Austral",
    "description": "per kg",
    "price": "$16.00",
    "originalPrice": "$18.00",
    "savings": "$2.00",
    "specialType": "Special"
  },
  {
    "productID": "CL064",
    "productName": "Coles Tasmanian Fresh Salmon Portions Skin On",
    "category": "Meat, Seafood & Deli",
    "brand": "Coles",
    "description": "per kg",
    "price": "$34.00",
    "originalPrice": "$38.00",
    "savings": "$4.00",
    "specialType": "Special"
  },
  {
    "productID": "CL065",
    "productName": "Luxury MSC Certified Thawed Raw Lobster Tail",
    "category": "Meat, Seafood & Deli",
    "brand": "Coles",
    "description": "Each",
    "price": "$10.00",
    "originalPrice": "$12.00",
    "savings": "$2.00",
    "specialType": "Special"
  },
  {
    "productID": "CL066",
    "productName": "Yumbah Thawed Pacific Oysters 12 Pack",
    "category": "Meat, Seafood & Deli",
    "brand": "Yumbah",
    "description": "12 Pack, $1.75 per each",
    "price": "$21.00",
    "originalPrice": "$24.00",
    "savings": "$3.00",
    "specialType": "Special"
  },
  {
    "productID": "CL067",
    "productName": "Coles Queensland Thawed Raw Extra Large Black Tiger Prawns",
    "category": "Meat, Seafood & Deli",
    "brand": "Coles",
    "description": "per kg",
    "price": "$28.00",
    "originalPrice": "$32.00",
    "savings": "$4.00",
    "specialType": "Special"
  },
  {
    "productID": "CL068",
    "productName": "Coles Australian Pork & Beef Bolognese Mince 500g",
    "category": "Meat, Seafood & Deli",
    "brand": "Coles",
    "description": "500g, $10.00 per kg",
    "price": "$5.00",
    "originalPrice": "$6.50",
    "savings": "$1.50",
    "specialType": "Special"
  },
  {
    "productID": "CL069",
    "productName": "Coles Queensland Fresh Cooked Black Tiger Prawns",
    "category": "Meat, Seafood & Deli",
    "brand": "Coles",
    "description": "per kg",
    "price": "$30.00",
    "originalPrice": "$36.00",
    "savings": "$6.00",
    "specialType": "Special"
  },
  {
    "productID": "CL070",
    "productName": "Coles Australian 4 Leaf Salad Mix 200g or Baby Rocket 120g",
    "category": "Fruit & Vegetables",
    "brand": "Coles",
    "description": "200g or 120g, Any 2 for $5.00",
    "price": "$5.00",
    "originalPrice": "N/A",
    "savings": "$1.00",
    "specialType": "Special"
  },
  {
    "productID": "CL071",
    "productName": "Coles Australian No Added Hormones Beef Rump Steak",
    "category": "Meat, Seafood & Deli",
    "brand": "Coles",
    "description": "per kg",
    "price": "$24.00",
    "originalPrice": "$29.00",
    "savings": "$5.00",
    "specialType": "Special"
  },
  {
    "productID": "CL072",
    "productName": "Coles Australian No Added Hormones Beef Stir Fry 500g",
    "category": "Meat, Seafood & Deli",
    "brand": "Coles",
    "description": "500g, $21.00 per kg",
    "price": "$10.50",
    "originalPrice": "$12.00",
    "savings": "$1.50",
    "specialType": "Special"
  },
  {
    "productID": "CL073",
    "productName": "Coles Made Easy Slow Cooked Pork Shoulder 480g",
    "category": "Meat, Seafood & Deli",
    "brand": "Coles",
    "description": "480g, $25.00 per kg",
    "price": "$12.00",
    "originalPrice": "$14.00",
    "savings": "$2.00",
    "specialType": "Special"
  },
  {
    "productID": "CL074",
    "productName": "Coles Australian Lamb Loin Chops",
    "category": "Meat, Seafood & Deli",
    "brand": "Coles",
    "description": "per kg",
    "price": "$26.00",
    "originalPrice": "$33.00",
    "savings": "$7.00",
    "specialType": "Special"
  },
  {
    "productID": "CL075",
    "productName": "Coles RSPCA Approved Chicken Kebabs Honey & Soy 750g",
    "category": "Meat, Seafood & Deli",
    "brand": "Coles",
    "description": "750g, $13.33 per kg",
    "price": "$10.00",
    "originalPrice": "$11.50",
    "savings": "$1.50",
    "specialType": "Down Down"
  },
  {
    "productID": "CL076",
    "productName": "Coles Australian No Added Hormones Beef Topside Roast",
    "category": "Meat, Seafood & Deli",
    "brand": "Coles",
    "description": "per kg",
    "price": "$17.50",
    "originalPrice": "$19.00",
    "savings": "$1.50",
    "specialType": "Down Down"
  },
  {
    "productID": "CL077",
    "productName": "Coles Australian Pork Spare Ribs",
    "category": "Meat, Seafood & Deli",
    "brand": "Coles",
    "description": "per kg",
    "price": "$19.00",
    "originalPrice": "$22.00",
    "savings": "$3.00",
    "specialType": "Down Down"
  },
  {
    "productID": "CL078",
    "productName": "Coles RSPCA Approved Chicken Breast Schnitzel 600g",
    "category": "Meat, Seafood & Deli",
    "brand": "Coles",
    "description": "600g, $11.67 per kg",
    "price": "$7.00",
    "originalPrice": "$9.00",
    "savings": "$2.00",
    "specialType": "Special"
  },
  {
    "productID": "CL079",
    "productName": "Australian Gourmet Tomatoes",
    "category": "Fruit & Vegetables",
    "brand": "Australian",
    "description": "per kg",
    "price": "$4.90",
    "originalPrice": "N/A",
    "savings": "N/A",
    "specialType": "Special"
  },
  {
    "productID": "CL080",
    "productName": "Australian Petite Wombok 2 Pack",
    "category": "Fruit & Vegetables",
    "brand": "Australian",
    "description": "2 Pack, $2.25 per each",
    "price": "$4.50",
    "originalPrice": "N/A",
    "savings": "N/A",
    "specialType": "Special"
  },
  {
    "productID": "CL081",
    "productName": "Australian Raspberries 125g Punnet",
    "category": "Fruit & Vegetables",
    "brand": "Australian",
    "description": "125g Punnet, $36.00 per kg",
    "price": "$4.50",
    "originalPrice": "N/A",
    "savings": "N/A",
    "specialType": "Special"
  },
  {
    "productID": "CL082",
    "productName": "Coles Australian Organic Baby Beetroot 250g Pack",
    "category": "Fruit & Vegetables",
    "brand": "Coles",
    "description": "250g Pack, $16.00 per kg",
    "price": "$4.00",
    "originalPrice": "N/A",
    "savings": "N/A",
    "specialType": "Special"
  },
  {
    "productID": "CL083",
    "productName": "Coles Kitchen Potato, Egg & Bacon Salad 350g or Tabbouleh Salad 250g",
    "category": "Dairy, Eggs & Meals",
    "brand": "Coles",
    "description": "350g or 250g",
    "price": "$6.00",
    "originalPrice": "$6.50",
    "savings": "$0.50",
    "specialType": "Special"
  },
  {
    "productID": "CL084",
    "productName": "Australian Sugar Plums",
    "category": "Fruit & Vegetables",
    "brand": "Australian",
    "description": "per kg",
    "price": "$6.90",
    "originalPrice": "N/A",
    "savings": "N/A",
    "specialType": "Special"
  },
  {
    "productID": "CL085",
    "productName": "Coles Dry Roasted, Natural, Roasted & Salted or Smoked Almonds 400g Pack",
    "category": "Pantry",
    "brand": "Coles",
    "description": "400g Pack, $22.50 per kg",
    "price": "$9.00",
    "originalPrice": "$10.00",
    "savings": "$1.00",
    "specialType": "Special"
  },
  {
    "productID": "CL086",
    "productName": "Coles Hot Honey Cashews 400g",
    "category": "Pantry",
    "brand": "Coles",
    "description": "400g, $25.00 per kg",
    "price": "$10.00",
    "originalPrice": "N/A",
    "savings": "N/A",
    "specialType": "Special"
  },
  {
    "productID": "CL087",
    "productName": "Coles Whole Medjool Dates 454g or Pitted Medjool Dates 340g",
    "category": "Pantry",
    "brand": "Coles",
    "description": "454g or 340g",
    "price": "$11.00",
    "originalPrice": "$14.00",
    "savings": "$3.00",
    "specialType": "Special"
  },
  {
    "productID": "CL088",
    "productName": "Fresh Medjool Dates 2kg Box",
    "category": "Pantry",
    "brand": "Coles",
    "description": "2kg Box, $20.00 per kg",
    "price": "$40.00",
    "originalPrice": "N/A",
    "savings": "N/A",
    "specialType": "Special"
  },
  {
    "productID": "CL089",
    "productName": "Tasmanian Heritage Double Cream Brie or Camembert 200g",
    "category": "Dairy, Eggs & Meals",
    "brand": "Tasmanian Heritage",
    "description": "200g, $29.50 per kg",
    "price": "$5.90",
    "originalPrice": "$11.95",
    "savings": "$6.05",
    "specialType": "Special"
  },
  {
    "productID": "CL090",
    "productName": "Tassal Smoked Salmon 250g",
    "category": "Meat, Seafood & Deli",
    "brand": "Tassal",
    "description": "250g, $64.00 per kg",
    "price": "$16.00",
    "originalPrice": "$21.00",
    "savings": "$5.00",
    "specialType": "Special"
  },
  {
    "productID": "CL091",
    "productName": "Hans Milano Loin Ham",
    "category": "Meat, Seafood & Deli",
    "brand": "Hans",
    "description": "per kg, $2.85 per 100g",
    "price": "$28.50",
    "originalPrice": "$32.00",
    "savings": "$3.50",
    "specialType": "Special"
  },
  {
    "productID": "CL092",
    "productName": "Hans Hungarian Salami",
    "category": "Meat, Seafood & Deli",
    "brand": "Hans",
    "description": "per kg, $2.95 per 100g",
    "price": "$29.50",
    "originalPrice": "$36.00",
    "savings": "$6.50",
    "specialType": "Special"
  },
  {
    "productID": "CL093",
    "productName": "Primo Rindless Short Cut Bacon",
    "category": "Meat, Seafood & Deli",
    "brand": "Primo",
    "description": "per kg, $1.85 per 100g",
    "price": "$18.50",
    "originalPrice": "$21.00",
    "savings": "$2.50",
    "specialType": "Special"
  },
  {
    "productID": "CL094",
    "productName": "Coles Bacon 200g",
    "category": "Meat, Seafood & Deli",
    "brand": "Coles",
    "description": "200g, $27.50 per kg",
    "price": "$5.50",
    "originalPrice": "$6.20",
    "savings": "$0.70",
    "specialType": "Down Down"
  },
  {
    "productID": "CL095",
    "productName": "Primo Cocktail Franks 1kg",
    "category": "Meat, Seafood & Deli",
    "brand": "Primo",
    "description": "1kg, $6.90 per kg",
    "price": "$6.90",
    "originalPrice": "$8.00",
    "savings": "$1.10",
    "specialType": "Down Down"
  },
  {
    "productID": "CL096",
    "productName": "Coles Peri Peri Hot Roast RSPCA Approved Chicken",
    "category": "Meat, Seafood & Deli",
    "brand": "Coles",
    "description": "Each",
    "price": "$13.50",
    "originalPrice": "N/A",
    "savings": "N/A",
    "specialType": "Every Day"
  },
  {
    "productID": "CL097",
    "productName": "Tip Top English Muffins 6 Pack 400g",
    "category": "Bread & Bakery",
    "brand": "Tip Top",
    "description": "6 Pack 400g, $0.80 per 100g",
    "price": "$3.20",
    "originalPrice": "$6.40",
    "savings": "$3.20",
    "specialType": "Half Price Specials"
  },
  {
    "productID": "CL098",
    "productName": "Coles Muffins 9 Pack 315g",
    "category": "Bread & Bakery",
    "brand": "Coles",
    "description": "9 Pack 315g, $1.43 per 100g",
    "price": "$4.50",
    "originalPrice": "N/A",
    "savings": "N/A",
    "specialType": "Every Day"
  },
  {
    "productID": "CL099",
    "productName": "Coles Bakery Cinnamon Donuts 6 Pack",
    "category": "Bread & Bakery",
    "brand": "Coles",
    "description": "6 Pack, $0.33 per each",
    "price": "$2.00",
    "originalPrice": "$2.80",
    "savings": "$0.80",
    "specialType": "Special"
  },
  {
    "productID": "CL100",
    "productName": "Coles Bakery Cheesy Vegemite Scroll",
    "category": "Bread & Bakery",
    "brand": "Coles",
    "description": "Each",
    "price": "$2.75",
    "originalPrice": "$3.25",
    "savings": "$0.50",
    "specialType": "Down Down"
  },

  {
    "productID": "CL101",
    "productName": "Coles All Butter Croissants 3 Pack or 4 Pack",
    "category": "Bread & Bakery",
    "brand": "Coles",
    "description": "3 Pack or 4 Pack",
    "price": "$2.95",
    "originalPrice": "N/A",
    "savings": "N/A",
    "specialType": "Every Day"
  },
  {
    "productID": "CL102",
    "productName": "Coles Bakery Loaf 680g",
    "category": "Bread & Bakery",
    "brand": "Coles",
    "description": "680g, $0.46 per 100g",
    "price": "$3.10",
    "originalPrice": "N/A",
    "savings": "N/A",
    "specialType": "Every Day"
  },
  {
    "productID": "CL103",
    "productName": "Simson's Pantry Low Carb High Protein White Wraps 5 Pack 225g",
    "category": "Bread & Bakery",
    "brand": "Simson's Pantry",
    "description": "5 Pack 225g, $1.71 per 100g",
    "price": "$3.85",
    "originalPrice": "$5.50",
    "savings": "$1.65",
    "specialType": "Half Price Specials"
  },
  {
    "productID": "CL104",
    "productName": "Coles Bakery Tear & Share",
    "category": "Bread & Bakery",
    "brand": "Coles",
    "description": "Each, $4.00 per each",
    "price": "$4.00",
    "originalPrice": "$5.00",
    "savings": "$1.00",
    "specialType": "Half Price Specials"
  },
  {
    "productID": "CL105",
    "productName": "Coles Banana Bread or Cake Slices 5 Pack 500g",
    "category": "Bread & Bakery",
    "brand": "Coles",
    "description": "5 Pack 500g, $1.15 per 100g",
    "price": "$5.75",
    "originalPrice": "$6.15",
    "savings": "$0.40",
    "specialType": "Down Down"
  },
  {
    "productID": "CL106",
    "productName": "Gillette Venus White Tea Comfortglide Razor Kit with 2 Refill Blades 1 Each",
    "category": "Health & Beauty",
    "brand": "Gillette",
    "description": "1 Each, $9.00 per each",
    "price": "$9.00",
    "originalPrice": "$18.00",
    "savings": "$9.00",
    "specialType": "Half Price Specials"
  },
  {
    "productID": "CL107",
    "productName": "Olay Regenerist Super Collagen Peptides Moisturiser 45g",
    "category": "Health & Beauty",
    "brand": "Olay",
    "description": "45g, $77.78 per 100g",
    "price": "$35.00",
    "originalPrice": "$70.00",
    "savings": "$35.00",
    "specialType": "Half Price Specials"
  },
  {
    "productID": "CL108",
    "productName": "Hask Shampoo or Conditioner 355mL",
    "category": "Health & Beauty",
    "brand": "Hask",
    "description": "355mL, $2.39 per 100mL",
    "price": "$8.50",
    "originalPrice": "$17.00",
    "savings": "$8.50",
    "specialType": "Half Price Specials"
  },
  {
    "productID": "CL109",
    "productName": "Schwarzkopf Brilliance Colourant 1 Pack",
    "category": "Health & Beauty",
    "brand": "Schwarzkopf",
    "description": "1 Pack, $13.00 per each",
    "price": "$13.00",
    "originalPrice": "$26.00",
    "savings": "$13.00",
    "specialType": "Half Price Specials"
  },
  {
    "productID": "CL110",
    "productName": "Tresemme Shampoo or Conditioner 940mL",
    "category": "Health & Beauty",
    "brand": "Tresemme",
    "description": "940mL, $0.98 per 100mL",
    "price": "$9.25",
    "originalPrice": "$18.50",
    "savings": "$9.25",
    "specialType": "Half Price Specials"
  },
  {
    "productID": "CL111",
    "productName": "Swisse Ultiboost Magnesium Tablets 200 Pack",
    "category": "Health & Beauty",
    "brand": "Swisse",
    "description": "200 Pack, $12.38 per 100 each",
    "price": "$24.75",
    "originalPrice": "$49.50",
    "savings": "$24.75",
    "specialType": "Half Price Specials"
  },
  {
    "productID": "CL112",
    "productName": "Swisse Ultiboost Iron Tablets 30 Pack",
    "category": "Health & Beauty",
    "brand": "Swisse",
    "description": "30 Pack, $25.00 per 100 each",
    "price": "$7.50",
    "originalPrice": "$15.00",
    "savings": "$7.50",
    "specialType": "Half Price Specials"
  },
  {
    "productID": "CL113",
    "productName": "Swisse Ultiboost Magnesium Glycinate + Ashwagandha Tablets 60 Pack",
    "category": "Health & Beauty",
    "brand": "Swisse",
    "description": "60 Pack, $32.92 per 100 each",
    "price": "$19.75",
    "originalPrice": "$39.50",
    "savings": "$19.75",
    "specialType": "Half Price Specials"
  },
  {
    "productID": "CL114",
    "productName": "Swisse Ultiboost Magnesium Glycinate Powder 140g",
    "category": "Health & Beauty",
    "brand": "Swisse",
    "description": "140g, $14.11 per 100g",
    "price": "$19.75",
    "originalPrice": "$39.50",
    "savings": "$19.75",
    "specialType": "Half Price Specials"
  },
  {
    "productID": "CL115",
    "productName": "Swisse Ultiboost Zinc+ or Daily Immune Support Tablets 60 Pack",
    "category": "Health & Beauty",
    "brand": "Swisse",
    "description": "60 Pack, $16.25 per 100 each",
    "price": "$9.75",
    "originalPrice": "$19.50",
    "savings": "$9.75",
    "specialType": "Half Price Specials"
  },
  {
    "productID": "CL116",
    "productName": "Carefree Barely There G-String Liners 24 Pack",
    "category": "Health & Beauty",
    "brand": "Carefree",
    "description": "24 Pack, $0.10 per each",
    "price": "$2.40",
    "originalPrice": "$4.00",
    "savings": "$1.60",
    "specialType": "Half Price Specials"
  },
  {
    "productID": "CL117",
    "productName": "U By Kotex Designer Liners 30 Pack",
    "category": "Health & Beauty",
    "brand": "U By Kotex",
    "description": "30 Pack, $0.08 per each",
    "price": "$2.50",
    "originalPrice": "$4.20",
    "savings": "$1.70",
    "specialType": "Half Price Specials"
  },
  {
    "productID": "CL118",
    "productName": "U By Kotex Ultra Thin Pads With Wings Regular 14 Pack or Super 12 Pack",
    "category": "Health & Beauty",
    "brand": "U By Kotex",
    "description": "Regular 14 Pack or Super 12 Pack",
    "price": "$3.35",
    "originalPrice": "$5.60",
    "savings": "$2.25",
    "specialType": "Half Price Specials"
  },
  {
    "productID": "CL119",
    "productName": "Libra Body Fit Tampons Regular or Super 16 Pack",
    "category": "Health & Beauty",
    "brand": "Libra",
    "description": "Regular or Super 16 Pack, $0.19 per each",
    "price": "$3.00",
    "originalPrice": "$5.00",
    "savings": "$2.00",
    "specialType": "Half Price Specials"
  },
  {
    "productID": "CL120",
    "productName": "Libra Ultra Thin Pads With Wings Regular 14 Pack or Super 12 Pack",
    "category": "Health & Beauty",
    "brand": "Libra",
    "description": "Regular 14 Pack or Super 12 Pack",
    "price": "$3.60",
    "originalPrice": "$6.00",
    "savings": "$2.40",
    "specialType": "Half Price Specials"
  },
  {
    "productID": "CL121",
    "productName": "Tom Organic Tampons Regular or Super 16 Pack",
    "category": "Health & Beauty",
    "brand": "Tom Organic",
    "description": "Regular or Super 16 Pack, $0.25 per each",
    "price": "$4.00",
    "originalPrice": "$6.80",
    "savings": "$2.80",
    "specialType": "Half Price Specials"
  },
  {
    "productID": "CL122",
    "productName": "Stayfree Ultra Thin Pads With Wings Regular 14 Pack",
    "category": "Health & Beauty",
    "brand": "Stayfree",
    "description": "Regular 14 Pack, $0.26 per each",
    "price": "$3.60",
    "originalPrice": "$6.00",
    "savings": "$2.40",
    "specialType": "Half Price Specials"
  },
  {
    "productID": "CL123",
    "productName": "Tena Plus Night Continence Pants Size L 12 Pack",
    "category": "Health & Beauty",
    "brand": "Tena",
    "description": "Size L 12 Pack, $1.25 per each",
    "price": "$15.00",
    "originalPrice": "$25.00",
    "savings": "$10.00",
    "specialType": "Half Price Specials"
  },
  {
    "productID": "CL124",
    "productName": "Rimmel Brow This Way 2-In-1 Fill & Sculpt 0.4g",
    "category": "Health & Beauty",
    "brand": "Rimmel",
    "description": "0.4g, $250.00 per 10g",
    "price": "$10.00",
    "originalPrice": "$20.00",
    "savings": "$10.00",
    "specialType": "Half Price Specials"
  },
  {
    "productID": "CL125",
    "productName": "Revlon Colorstay Xtensionnaire Mascara 8mL",
    "category": "Health & Beauty",
    "brand": "Revlon",
    "description": "8mL, $16.25 per 10mL",
    "price": "$13.00",
    "originalPrice": "$26.00",
    "savings": "$13.00",
    "specialType": "Half Price Specials"
  },
  {
    "productID": "CL126",
    "productName": "L'Oréal Paris Lash Paradise Waterproof Mascara 6.4mL",
    "category": "Health & Beauty",
    "brand": "L'Oréal Paris",
    "description": "6.4mL, $21.09 per 10mL",
    "price": "$13.50",
    "originalPrice": "$27.00",
    "savings": "$13.50",
    "specialType": "Half Price Specials"
  },
  {
    "productID": "CL127",
    "productName": "L'Oreal Paris Setting Spray 75mL",
    "category": "Health & Beauty",
    "brand": "L'Oreal Paris",
    "description": "75mL, $2.00 per 10mL",
    "price": "$15.00",
    "originalPrice": "$30.00",
    "savings": "$15.00",
    "specialType": "Half Price Specials"
  },
  {
    "productID": "CL128",
    "productName": "Maybelline Lifter Glaze Hydrating Oil Lip Balm 2.8g",
    "category": "Health & Beauty",
    "brand": "Maybelline",
    "description": "2.8g, $42.86 per 10g",
    "price": "$12.00",
    "originalPrice": "$20.00",
    "savings": "$8.00",
    "specialType": "Half Price Specials"
  },
  {
    "productID": "CL129",
    "productName": "Maybelline Age Rewind Eraser Concealer 6mL",
    "category": "Health & Beauty",
    "brand": "Maybelline",
    "description": "6mL, $22.50 per 10mL",
    "price": "$13.50",
    "originalPrice": "$23.00",
    "savings": "$9.50",
    "specialType": "Half Price Specials"
  },
  {
    "productID": "CL130",
    "productName": "Maybelline Sky High Mascara 7.2mL",
    "category": "Health & Beauty",
    "brand": "Maybelline",
    "description": "7.2mL, $21.53 per 10mL",
    "price": "$15.50",
    "originalPrice": "$26.00",
    "savings": "$10.50",
    "specialType": "Half Price Specials"
  },
  {
    "productID": "CL131",
    "productName": "Schweppes Mixers 10x375mL",
    "category": "Drinks",
    "brand": "Schweppes",
    "description": "10x375mL, $3.04 per litre",
    "price": "$11.40",
    "originalPrice": "$19.00",
    "savings": "$7.60",
    "specialType": "Half Price Specials"
  },
  {
    "productID": "CL132",
    "productName": "Pepsi or Solo Soft Drink 1.25 Litre",
    "category": "Drinks",
    "brand": "Pepsi",
    "description": "1.25 Litre, $1.60 per litre",
    "price": "$2.00",
    "originalPrice": "$3.50",
    "savings": "$1.50",
    "specialType": "Half Price Specials"
  },
  {
    "productID": "CL133",
    "productName": "Mt Franklin Lightly Sparkling Water 6x250mL",
    "category": "Drinks",
    "brand": "Mt Franklin",
    "description": "6x250mL, $4.00 per litre",
    "price": "$6.00",
    "originalPrice": "$10.00",
    "savings": "$4.00",
    "specialType": "Half Price Specials"
  },
  {
    "productID": "CL134",
    "productName": "Coca-Cola, Fanta or Sprite Soft Drink 6x250mL",
    "category": "Drinks",
    "brand": "Coca-Cola",
    "description": "6x250mL, $4.00 per litre",
    "price": "$6.00",
    "originalPrice": "$10.00",
    "savings": "$4.00",
    "specialType": "Half Price Specials"
  },
  {
    "productID": "CL135",
    "productName": "Monster Energy Drink 4x500mL",
    "category": "Drinks",
    "brand": "Monster",
    "description": "4x500mL, $4.13 per litre",
    "price": "$8.25",
    "originalPrice": "$16.50",
    "savings": "$8.25",
    "specialType": "Half Price Specials"
  },
  {
    "productID": "CL136",
    "productName": "Pepsi or Solo Soft Drink 10x375mL",
    "category": "Drinks",
    "brand": "Pepsi",
    "description": "10x375mL, $3.04 per litre",
    "price": "$11.40",
    "originalPrice": "$19.00",
    "savings": "$7.60",
    "specialType": "Half Price Specials"
  },
  {
    "productID": "CL137",
    "productName": "Schweppes Infused Sparkling Water 10x375mL",
    "category": "Drinks",
    "brand": "Schweppes",
    "description": "10x375mL, $3.04 per litre",
    "price": "$11.40",
    "originalPrice": "$19.00",
    "savings": "$7.60",
    "specialType": "Half Price Specials"
  },
  {
    "productID": "CL138",
    "productName": "Frantelle Spring Water 24x600mL",
    "category": "Drinks",
    "brand": "Frantelle",
    "description": "24x600mL, $0.83 per litre",
    "price": "$12.00",
    "originalPrice": "N/A",
    "savings": "N/A",
    "specialType": "Every Day"
  },
  {
    "productID": "CL139",
    "productName": "Fanta or Sprite Soft Drink 18x375mL",
    "category": "Drinks",
    "brand": "Fanta",
    "description": "18x375mL, $2.93 per litre",
    "price": "$19.80",
    "originalPrice": "$33.00",
    "savings": "$13.20",
    "specialType": "Half Price Specials"
  },
  {
    "productID": "CL140",
    "productName": "Arnott's Tim Tam Biscuits 165g-200g",
    "category": "Pantry",
    "brand": "Arnott's",
    "description": "165g-200g",
    "price": "$3.60",
    "originalPrice": "$6.00",
    "savings": "$2.40",
    "specialType": "Half Price Specials"
  },
  {
    "productID": "CL141",
    "productName": "Arnott's Vita-Weat Crispbread 250g",
    "category": "Pantry",
    "brand": "Arnott's",
    "description": "250g, $1.20 per 100g",
    "price": "$3.00",
    "originalPrice": "$4.00",
    "savings": "$1.00",
    "specialType": "Half Price Specials"
  },
  {
    "productID": "CL142",
    "productName": "Arnott's Salada Crispbread 250g",
    "category": "Pantry",
    "brand": "Arnott's",
    "description": "250g, $1.20 per 100g",
    "price": "$3.00",
    "originalPrice": "$4.00",
    "savings": "$1.00",
    "specialType": "Half Price Specials"
  },
  {
    "productID": "CL143",
    "productName": "Arnott's Creams Biscuits 200g-250g",
    "category": "Pantry",
    "brand": "Arnott's",
    "description": "200g-250g, 2 for $6.00",
    "price": "$3.00",
    "originalPrice": "$4.00",
    "savings": "$2.00",
    "specialType": "Special"
  },
  {
    "productID": "CL144",
    "productName": "Arnott's Tina Wafer, Hundreds & Thousands or Iced Tic Toc Biscuits 200g-250g",
    "category": "Pantry",
    "brand": "Arnott's",
    "description": "200g-250g",
    "price": "$3.00",
    "originalPrice": "$4.00",
    "savings": "$1.00",
    "specialType": "Half Price Specials"
  },
  {
    "productID": "CL145",
    "productName": "Lindt Lindor Cornet 160g",
    "category": "Pantry",
    "brand": "Lindt",
    "description": "160g, $7.50 per 100g",
    "price": "$12.00",
    "originalPrice": "$24.00",
    "savings": "$12.00",
    "specialType": "Half Price Specials"
  },
  {
    "productID": "CL146",
    "productName": "Cadbury Favourites 470g",
    "category": "Pantry",
    "brand": "Cadbury",
    "description": "470g, $2.55 per 100g",
    "price": "$12.00",
    "originalPrice": "$24.00",
    "savings": "$12.00",
    "specialType": "Half Price Specials"
  },
  {
    "productID": "CL147",
    "productName": "Allen's Lollies 140g-200g",
    "category": "Pantry",
    "brand": "Allen's",
    "description": "140g-200g",
    "price": "$3.50",
    "originalPrice": "$5.00",
    "savings": "$1.50",
    "specialType": "Half Price Specials"
  },
  {
    "productID": "CL148",
    "productName": "Skittles 120g-200g",
    "category": "Pantry",
    "brand": "Skittles",
    "description": "120g-200g",
    "price": "$4.20",
    "originalPrice": "$6.00",
    "savings": "$1.80",
    "specialType": "Half Price Specials"
  },
  {
    "productID": "CL149",
    "productName": "Pringles Potato Crisps 53g",
    "category": "Pantry",
    "brand": "Pringles",
    "description": "53g, $2.83 per 100g",
    "price": "$1.50",
    "originalPrice": "$2.70",
    "savings": "$1.20",
    "specialType": "Half Price Specials"
  },
  {
    "productID": "CL150",
    "productName": "Arnott's Scotch Finger Biscuits 250g",
    "category": "Pantry",
    "brand": "Arnott's",
    "description": "250g, $1.00 per 100g",
    "price": "$2.50",
    "originalPrice": "$3.30",
    "savings": "$0.80",
    "specialType": "Half Price Specials"
  },
  {
    "productID": "CL151",
    "productName": "Oreo Mini Creme Cookies 10 Pack 204g",
    "category": "Pantry",
    "brand": "Oreo",
    "description": "10 Pack 204g, $1.47 per 100g",
    "price": "$3.00",
    "originalPrice": "$5.00",
    "savings": "$2.00",
    "specialType": "Half Price Specials"
  },
  {
    "productID": "CL152",
    "productName": "Smith's Crinkle Cut Potato Chips 150g-170g",
    "category": "Pantry",
    "brand": "Smith's",
    "description": "150g-170g",
    "price": "$3.75",
    "originalPrice": "$5.00",
    "savings": "$1.25",
    "specialType": "Half Price Specials"
  },
  {
    "productID": "CL153",
    "productName": "Peckish White Rice Crackers 90g",
    "category": "Pantry",
    "brand": "Peckish",
    "description": "90g, $2.06 per 100g",
    "price": "$1.85",
    "originalPrice": "$2.50",
    "savings": "$0.65",
    "specialType": "Half Price Specials"
  },
  {
    "productID": "CL154",
    "productName": "Cucina Matese Pasta 500g",
    "category": "Pantry",
    "brand": "Cucina Matese",
    "description": "500g, $0.56 per 100g",
    "price": "$2.80",
    "originalPrice": "N/A",
    "savings": "N/A",
    "specialType": "Every Day"
  },
  {
    "productID": "CL155",
    "productName": "Coles Corn Kernels 420g",
    "category": "Pantry",
    "brand": "Coles",
    "description": "420g, $2.86 per kg",
    "price": "$1.20",
    "originalPrice": "N/A",
    "savings": "N/A",
    "specialType": "Every Day"
  },
  {
    "productID": "CL156",
    "productName": "Maggi 2 Minute Instant Noodles 12 Pack 864g-888g",
    "category": "Pantry",
    "brand": "Maggi",
    "description": "12 Pack 864g-888g",
    "price": "$9.00",
    "originalPrice": "N/A",
    "savings": "N/A",
    "specialType": "Every Day"
  },
  {
    "productID": "CL157",
    "productName": "Campbell's Country Ladle or Chunky Soup 495g-505g",
    "category": "Pantry",
    "brand": "Campbell's",
    "description": "495g-505g",
    "price": "$3.50",
    "originalPrice": "$4.50",
    "savings": "$1.00",
    "specialType": "Half Price Specials"
  },
  {
    "productID": "CL158",
    "productName": "Campbell's Real Stock 1 Litre",
    "category": "Pantry",
    "brand": "Campbell's",
    "description": "1 Litre, $0.35 per 100mL",
    "price": "$3.50",
    "originalPrice": "$4.50",
    "savings": "$1.00",
    "specialType": "Half Price Specials"
  },
  {
    "productID": "CL159",
    "productName": "John West Tuna 425g",
    "category": "Pantry",
    "brand": "John West",
    "description": "425g, $11.76 per kg",
    "price": "$5.00",
    "originalPrice": "$6.30",
    "savings": "$1.30",
    "specialType": "Half Price Specials"
  },
  {
    "productID": "CL160",
    "productName": "Ayam 100% Natural Coconut Milk or Cream 270mL",
    "category": "Pantry",
    "brand": "Ayam",
    "description": "270mL, $1.19 per 100mL",
    "price": "$3.20",
    "originalPrice": "$4.00",
    "savings": "$0.80",
    "specialType": "Half Price Specials"
  },
  {
    "productID": "CL161",
    "productName": "The Spice Tailor Indian or Asian Kit 225g-300g",
    "category": "Pantry",
    "brand": "The Spice Tailor",
    "description": "225g-300g",
    "price": "$4.95",
    "originalPrice": "$6.70",
    "savings": "$1.75",
    "specialType": "Half Price Specials"
  },
  {
    "productID": "CL162",
    "productName": "Leggo's Pasta Sauce 490g-500g",
    "category": "Pantry",
    "brand": "Leggo's",
    "description": "490g-500g, 2 for $7.00",
    "price": "$3.50",
    "originalPrice": "$4.50",
    "savings": "$2.20",
    "specialType": "Special"
  },
  {
    "productID": "CL163",
    "productName": "Moro Extra Virgin Olive Oil 2.2 Litre",
    "category": "Pantry",
    "brand": "Moro",
    "description": "2.2 Litre, $1.27 per 100mL",
    "price": "$28.00",
    "originalPrice": "$40.00",
    "savings": "$12.00",
    "specialType": "Half Price Specials"
  },
  {
    "productID": "CL164",
    "productName": "Nescafé Espresso Coffee Concentrate 500mL",
    "category": "Pantry",
    "brand": "Nescafé",
    "description": "500mL, $1.10 per 100mL",
    "price": "$5.50",
    "originalPrice": "$11.00",
    "savings": "$5.50",
    "specialType": "Half Price Specials"
  },
  {
    "productID": "CL165",
    "productName": "Kellogg's LCMs Treatz 130g",
    "category": "Pantry",
    "brand": "Kellogg's",
    "description": "130g, $3.46 per 100g",
    "price": "$4.50",
    "originalPrice": "$6.00",
    "savings": "$1.50",
    "specialType": "Half Price Specials"
  },
  {
    "productID": "CL166",
    "productName": "Cadbury Baking Chocolate Chips or Melts 200g-225g",
    "category": "Pantry",
    "brand": "Cadbury",
    "description": "200g-225g",
    "price": "$4.50",
    "originalPrice": "$7.50",
    "savings": "$3.00",
    "specialType": "Half Price Specials"
  },
  {
    "productID": "CL167",
    "productName": "Kellogg's All Bran 530g",
    "category": "Pantry",
    "brand": "Kellogg's",
    "description": "530g, $1.23 per 100g",
    "price": "$6.50",
    "originalPrice": "N/A",
    "savings": "N/A",
    "specialType": "Every Day"
  },
  {
    "productID": "CL168",
    "productName": "MasterFoods Squeeze Tomato or Barbecue Sauce 475mL-500mL",
    "category": "Pantry",
    "brand": "MasterFoods",
    "description": "475mL-500mL",
    "price": "$2.80",
    "originalPrice": "$4.20",
    "savings": "$1.40",
    "specialType": "Half Price Specials"
  },
  {
    "productID": "CL169",
    "productName": "Gravox Liquid Gravy or Finishing Sauce 165g",
    "category": "Pantry",
    "brand": "Gravox",
    "description": "165g, $1.70 per 100g",
    "price": "$2.80",
    "originalPrice": "$3.50",
    "savings": "$0.70",
    "specialType": "Half Price Specials"
  },
  {
    "productID": "CL170",
    "productName": "Golden Circle Pineapple in Juice 440g",
    "category": "Pantry",
    "brand": "Golden Circle",
    "description": "440g, $7.95 per kg",
    "price": "$3.50",
    "originalPrice": "$4.40",
    "savings": "$0.90",
    "specialType": "Half Price Specials"
  },
  {
    "productID": "CL171",
    "productName": "NEW Carman's Mango Ripple or Peanut Butter Crunch Energy Bars 5 Pack 175g-200g",
    "category": "Pantry",
    "brand": "Carman's",
    "description": "5 Pack 175g-200g",
    "price": "$6.30",
    "originalPrice": "$7.90",
    "savings": "$1.60",
    "specialType": "Half Price Specials"
  },
  {
    "productID": "CL172",
    "productName": "NEW Noshu Low Carb Indulgence Bars Choc Hazelnut or Honeycomb Nougat 150g",
    "category": "Pantry",
    "brand": "Noshu",
    "description": "150g, $3.93 per 100g",
    "price": "$5.90",
    "originalPrice": "$8.90",
    "savings": "$3.00",
    "specialType": "Half Price Specials"
  },
  {
    "productID": "CL173",
    "productName": "Kellogg's LCMs or Nutri Grain Bars 5 Pack 100g-110g",
    "category": "Pantry",
    "brand": "Kellogg's",
    "description": "5 Pack 100g-110g",
    "price": "$3.50",
    "originalPrice": "$4.50",
    "savings": "$1.00",
    "specialType": "Half Price Specials"
  },
  {
    "productID": "CL174",
    "productName": "Uncle Tobys Le Snak 132g",
    "category": "Pantry",
    "brand": "Uncle Tobys",
    "description": "132g, $3.03 per 100g",
    "price": "$4.00",
    "originalPrice": "$5.50",
    "savings": "$1.50",
    "specialType": "Half Price Specials"
  },
  {
    "productID": "CL175",
    "productName": "Sanitarium Weet-Bix Cranberry & Coconut 450g",
    "category": "Pantry",
    "brand": "Sanitarium",
    "description": "450g, $1.11 per 100g",
    "price": "$5.00",
    "originalPrice": "$6.50",
    "savings": "$1.50",
    "specialType": "Half Price Specials"
  },
  {
    "productID": "CL176",
    "productName": "Vegemite Spread 150g",
    "category": "Pantry",
    "brand": "Vegemite",
    "description": "150g, $2.80 per 100g",
    "price": "$4.20",
    "originalPrice": "N/A",
    "savings": "N/A",
    "specialType": "Every Day"
  },
  {
    "productID": "CL177",
    "productName": "Bega Smooth or Crunchy Peanut Butter 375g",
    "category": "Pantry",
    "brand": "Bega",
    "description": "375g, $1.31 per 100g",
    "price": "$4.90",
    "originalPrice": "$5.80",
    "savings": "$0.90",
    "specialType": "Down Down"
  },
  {
    "productID": "CL178",
    "productName": "Lotus Biscoff Spread 700g-720g",
    "category": "Pantry",
    "brand": "Lotus",
    "description": "700g-720g",
    "price": "$10.00",
    "originalPrice": "$12.00",
    "savings": "$2.00",
    "specialType": "Down Down"
  },
  {
    "productID": "CL179",
    "productName": "Twinings Tea Bags 80 Pack-100 Pack",
    "category": "Pantry",
    "brand": "Twinings",
    "description": "80 Pack-100 Pack",
    "price": "$8.00",
    "originalPrice": "$13.50",
    "savings": "$5.50",
    "specialType": "Half Price Specials"
  },
  {
    "productID": "CL180",
    "productName": "Vittoria Freeze Dried Instant Coffee 400g",
    "category": "Pantry",
    "brand": "Vittoria",
    "description": "400g, $5.75 per 100g",
    "price": "$23.00",
    "originalPrice": "$39.00",
    "savings": "$16.00",
    "specialType": "Half Price Specials"
  },
  {
    "productID": "CL181",
    "productName": "Sanitarium So Good Almond Milk 1 Litre",
    "category": "Dairy, Eggs & Meals",
    "brand": "Sanitarium",
    "description": "1 Litre, $2.00 per litre",
    "price": "$2.00",
    "originalPrice": "$3.00",
    "savings": "$1.00",
    "specialType": "Half Price Specials"
  },
  {
    "productID": "CL182",
    "productName": "Nestlé Milo 395g-460g",
    "category": "Pantry",
    "brand": "Nestlé",
    "description": "395g-460g",
    "price": "$7.50",
    "originalPrice": "$10.70",
    "savings": "$3.20",
    "specialType": "Half Price Specials"
  },
  {
    "productID": "CL183",
    "productName": "Vittoria Coffee Bags 20 Pack",
    "category": "Pantry",
    "brand": "Vittoria",
    "description": "20 Pack, $0.55 per each",
    "price": "$11.00",
    "originalPrice": "$16.00",
    "savings": "$5.00",
    "specialType": "Half Price Specials"
  },
  {
    "productID": "CL184",
    "productName": "L'Or Nespresso Compatible Coffee Capsules 10 Pack",
    "category": "Pantry",
    "brand": "L'Or",
    "description": "10 Pack, 2 for $12.00, $0.60 per each",
    "price": "$6.00",
    "originalPrice": "$11.40",
    "savings": "$5.40",
    "specialType": "Special"
  },
  {
    "productID": "CL185",
    "productName": "Muscle Nation Protein Water Powder 300g",
    "category": "Healthy Living",
    "brand": "Muscle Nation",
    "description": "300g, $9.33 per 100g",
    "price": "$28.00",
    "originalPrice": "$35.00",
    "savings": "$7.00",
    "specialType": "Special"
  },
  {
    "productID": "CL186",
    "productName": "Lavazza Espresso Barista Coffee Beans 1kg",
    "category": "Pantry",
    "brand": "Lavazza",
    "description": "1kg, $3.00 per 100g",
    "price": "$30.00",
    "originalPrice": "$44.00",
    "savings": "$14.00",
    "specialType": "Half Price Specials"
  },
  {
    "productID": "CL187",
    "productName": "Daley St Coffee Beans 1kg",
    "category": "Pantry",
    "brand": "Daley St",
    "description": "1kg, $3.20 per 100g",
    "price": "$32.00",
    "originalPrice": "$40.00",
    "savings": "$8.00",
    "specialType": "Half Price Specials"
  },
  {
    "productID": "CL188",
    "productName": "Remedy Kombucha 330mL",
    "category": "Healthy Living",
    "brand": "Remedy",
    "description": "330mL, $7.58 per litre",
    "price": "$2.50",
    "originalPrice": "$4.30",
    "savings": "$1.80",
    "specialType": "Half Price Specials"
  },
  {
    "productID": "CL189",
    "productName": "Rokeby Protein Smoothie 425mL",
    "category": "Healthy Living",
    "brand": "Rokeby",
    "description": "425mL, $8.59 per litre",
    "price": "$3.65",
    "originalPrice": "$4.70",
    "savings": "$1.05",
    "specialType": "Half Price Specials"
  },
  {
    "productID": "CL190",
    "productName": "Dare Flavoured Milk 750mL",
    "category": "Dairy, Eggs & Meals",
    "brand": "Dare",
    "description": "750mL, $6.00 per litre",
    "price": "$4.50",
    "originalPrice": "$5.40",
    "savings": "$0.90",
    "specialType": "Down Down"
  },
  {
    "productID": "CL191",
    "productName": "Western Star Butter 250g",
    "category": "Dairy, Eggs & Meals",
    "brand": "Western Star",
    "description": "250g, $1.66 per 100g",
    "price": "$4.15",
    "originalPrice": "$5.20",
    "savings": "$1.05",
    "specialType": "Half Price Specials"
  },
  {
    "productID": "CL192",
    "productName": "Western Star Spreadable Blend 375g",
    "category": "Dairy, Eggs & Meals",
    "brand": "Western Star",
    "description": "375g, $1.33 per 100g",
    "price": "$5.00",
    "originalPrice": "$6.30",
    "savings": "$1.30",
    "specialType": "Half Price Specials"
  },
  {
    "productID": "CL193",
    "productName": "Vegie Delights Sausages 300g",
    "category": "Dairy, Eggs & Meals",
    "brand": "Vegie Delights",
    "description": "300g, $2.00 per 100g",
    "price": "$6.00",
    "originalPrice": "$7.50",
    "savings": "$1.50",
    "specialType": "Half Price Specials"
  },
  {
    "productID": "CL194",
    "productName": "Black Swan Favourites Dip 180g-200g",
    "category": "Dairy, Eggs & Meals",
    "brand": "Black Swan",
    "description": "180g-200g, 2 for $7.00",
    "price": "$3.50",
    "originalPrice": "$5.50",
    "savings": "$2.00",
    "specialType": "Special"
  },
  {
    "productID": "CL195",
    "productName": "Mersey Valley Cheese 235g",
    "category": "Dairy, Eggs & Meals",
    "brand": "Mersey Valley",
    "description": "235g, $29.36 per kg",
    "price": "$6.90",
    "originalPrice": "$9.90",
    "savings": "$3.00",
    "specialType": "Half Price Specials"
  },
  {
    "productID": "CL196",
    "productName": "Youfoodz Fuel'd Meal 400g-436g",
    "category": "Dairy, Eggs & Meals",
    "brand": "Youfoodz",
    "description": "400g-436g, 2 for $19.00",
    "price": "$9.50",
    "originalPrice": "$12.00",
    "savings": "$5.00",
    "specialType": "Special"
  },
  {
    "productID": "CL197",
    "productName": "Chobani Fit Protein Greek Yogurt 160g",
    "category": "Dairy, Eggs & Meals",
    "brand": "Chobani",
    "description": "160g, $1.13 per 100g",
    "price": "$1.80",
    "originalPrice": "$3.00",
    "savings": "$1.20",
    "specialType": "Half Price Specials"
  },
  {
    "productID": "CL198",
    "productName": "Pauls Plus+ Protein Yoghurt Pouch 150g",
    "category": "Dairy, Eggs & Meals",
    "brand": "Pauls",
    "description": "150g, $1.33 per 100g",
    "price": "$2.00",
    "originalPrice": "$3.10",
    "savings": "$1.10",
    "specialType": "Half Price Specials"
  },
  {
    "productID": "CL199",
    "productName": "YoPro Perform High Protein Yoghurt Pouch No Added Sugar 175g",
    "category": "Dairy, Eggs & Meals",
    "brand": "YoPro",
    "description": "175g, $1.71 per 100g",
    "price": "$3.00",
    "originalPrice": "$3.90",
    "savings": "$0.90",
    "specialType": "Half Price Specials"
  },
  {
    "productID": "CL200",
    "productName": "Chobani Fit Flip Protein Yogurt 142g",
    "category": "Dairy, Eggs & Meals",
    "brand": "Chobani",
    "description": "142g, $2.46 per 100g",
    "price": "$3.50",
    "originalPrice": "$4.50",
    "savings": "$1.00",
    "specialType": "Half Price Specials"
  }
,
  {
    "productID": "CL201",
    "productName": "Activia Probiotic Yoghurt No Added Sugar 4x125g",
    "category": "Dairy, Eggs & Meals",
    "brand": "Activia",
    "description": "4x125g, $0.84 per 100g",
    "price": "$4.20",
    "originalPrice": "$6.00",
    "savings": "$1.80",
    "specialType": "Special"
  },
  {
    "productID": "CL202",
    "productName": "Coles Finest Parmesan and Garlic Crackers 120g",
    "category": "Pantry",
    "brand": "Coles",
    "description": "120g, $3.33 per 100g",
    "price": "$4.00",
    "originalPrice": "N/A",
    "savings": "N/A",
    "specialType": "Every Day"
  },
  {
    "productID": "CL203",
    "productName": "Coles Finest Vintage British Cheddar 200g",
    "category": "Dairy, Eggs & Meals",
    "brand": "Coles",
    "description": "200g, $21.50 per kg",
    "price": "$4.30",
    "originalPrice": "$5.00",
    "savings": "$0.70",
    "specialType": "Special"
  },
  {
    "productID": "CL204",
    "productName": "Coles Finest Spanish Truffle Cheese 140g",
    "category": "Dairy, Eggs & Meals",
    "brand": "Coles",
    "description": "140g, $54.29 per kg",
    "price": "$7.60",
    "originalPrice": "$8.50",
    "savings": "$0.90",
    "specialType": "Special"
  },
  {
    "productID": "CL205",
    "productName": "Coles Finest Aged Red Leicester 200g",
    "category": "Dairy, Eggs & Meals",
    "brand": "Coles",
    "description": "200g, $21.50 per kg",
    "price": "$4.30",
    "originalPrice": "$5.00",
    "savings": "$0.70",
    "specialType": "Special"
  },
  {
    "productID": "CL206",
    "productName": "Primo Stackers 45g-57g",
    "category": "Meat, Seafood & Deli",
    "brand": "Primo",
    "description": "45g-57g",
    "price": "$3.50",
    "originalPrice": "$4.50",
    "savings": "$1.00",
    "specialType": "Special"
  },
  {
    "productID": "CL207",
    "productName": "Primo Bacon 175g-250g",
    "category": "Meat, Seafood & Deli",
    "brand": "Primo",
    "description": "175g-250g, 2 for $11.50",
    "price": "$5.75",
    "originalPrice": "N/A",
    "savings": "$2.10",
    "specialType": "Special"
  },
  {
    "productID": "CL208",
    "productName": "Cracker Barrel Cheese Block 500g",
    "category": "Dairy, Eggs & Meals",
    "brand": "Cracker Barrel",
    "description": "500g, $22.00 per kg",
    "price": "$11.00",
    "originalPrice": "$13.80",
    "savings": "$2.80",
    "specialType": "Down Down"
  },
  {
    "productID": "CL209",
    "productName": "Bega Cheese Block or Grated 500g",
    "category": "Dairy, Eggs & Meals",
    "brand": "Bega",
    "description": "500g, $19.00 per kg",
    "price": "$9.50",
    "originalPrice": "$10.50",
    "savings": "$1.00",
    "specialType": "Down Down"
  },
  {
    "productID": "CL210",
    "productName": "Cheer Cheese Slices 500g",
    "category": "Dairy, Eggs & Meals",
    "brand": "Cheer",
    "description": "500g, $20.00 per kg",
    "price": "$10.00",
    "originalPrice": "$11.00",
    "savings": "$1.00",
    "specialType": "Special"
  },
  {
    "productID": "CL211",
    "productName": "Latina Beef Ravioli 625g",
    "category": "Frozen",
    "brand": "Latina",
    "description": "625g, $0.88 per 100g",
    "price": "$5.50",
    "originalPrice": "$11.00",
    "savings": "$5.50",
    "specialType": "Half Price Specials"
  },
  {
    "productID": "CL212",
    "productName": "Latina Tomato & Garlic Pasta Sauce 425g",
    "category": "Pantry",
    "brand": "Latina",
    "description": "425g, $1.29 per 100g",
    "price": "$5.50",
    "originalPrice": "$7.50",
    "savings": "$2.00",
    "specialType": "Special"
  },
  {
    "productID": "CL213",
    "productName": "Hong Kong Dim Sim Kitchen Pork & Chive Dumplings 300g",
    "category": "Frozen",
    "brand": "Hong Kong Dim Sim Kitchen",
    "description": "300g, $1.42 per 100g",
    "price": "$4.25",
    "originalPrice": "$8.50",
    "savings": "$4.25",
    "specialType": "Half Price Specials"
  },
  {
    "productID": "CL214",
    "productName": "Chan's Yum Cha at Home Premium Dim Sum Selection 460g",
    "category": "Frozen",
    "brand": "Chan's Yum Cha",
    "description": "460g, $1.30 per 100g",
    "price": "$6.00",
    "originalPrice": "$12.00",
    "savings": "$6.00",
    "specialType": "Half Price Specials"
  },
  {
    "productID": "CL215",
    "productName": "KB's Whiting Fish Bites 1kg",
    "category": "Frozen",
    "brand": "KB's",
    "description": "1kg, $13.75 per kg",
    "price": "$13.75",
    "originalPrice": "$27.50",
    "savings": "$13.75",
    "specialType": "Half Price Specials"
  },
  {
    "productID": "CL216",
    "productName": "KB's Tender Squid Chips Lightly Crumbed 1kg",
    "category": "Frozen",
    "brand": "KB's",
    "description": "1kg, $15.75 per kg",
    "price": "$15.75",
    "originalPrice": "$31.50",
    "savings": "$15.75",
    "specialType": "Half Price Specials"
  },
  {
    "productID": "CL217",
    "productName": "Lean Cuisine Meal 375g",
    "category": "Frozen",
    "brand": "Lean Cuisine",
    "description": "375g, $1.31 per 100g",
    "price": "$4.90",
    "originalPrice": "$7.00",
    "savings": "$2.10",
    "specialType": "Special"
  },
  {
    "productID": "CL218",
    "productName": "McCain Pub Size Meal 480g-500g",
    "category": "Frozen",
    "brand": "McCain",
    "description": "480g-500g, 2 for $15.00",
    "price": "$7.50",
    "originalPrice": "N/A",
    "savings": "$4.00",
    "specialType": "Special"
  },
  {
    "productID": "CL219",
    "productName": "Fropro FPFC High Protein Chicken Tenders or Burgers 300g",
    "category": "Frozen",
    "brand": "Fropro",
    "description": "300g, $33.17 per kg",
    "price": "$9.95",
    "originalPrice": "$12.95",
    "savings": "$3.00",
    "specialType": "Special"
  },
  {
    "productID": "CL220",
    "productName": "Steggles Chicken Dinosnacks 1kg",
    "category": "Frozen",
    "brand": "Steggles",
    "description": "1kg, $10.80 per kg",
    "price": "$10.80",
    "originalPrice": "$13.50",
    "savings": "$2.70",
    "specialType": "Special"
  },
  {
    "productID": "CL221",
    "productName": "Peters Original Twin Pole Sticks 8 Pack 544mL-590mL",
    "category": "Frozen",
    "brand": "Peters",
    "description": "8 Pack 544mL-590mL",
    "price": "$4.00",
    "originalPrice": "$8.00",
    "savings": "$4.00",
    "specialType": "Half Price Specials"
  },
  {
    "productID": "CL222",
    "productName": "Streets Golden Gaytime Sticks 4 Pack 400mL",
    "category": "Frozen",
    "brand": "Streets",
    "description": "4 Pack 400mL, $1.25 per 100mL",
    "price": "$5.00",
    "originalPrice": "$10.00",
    "savings": "$5.00",
    "specialType": "Half Price Specials"
  },
  {
    "productID": "CL223",
    "productName": "Yo-Chi Greek Style Frozen Yogurt Tub 500mL",
    "category": "Frozen",
    "brand": "Yo-Chi",
    "description": "500mL, $0.95 per 100mL",
    "price": "$4.75",
    "originalPrice": "$9.50",
    "savings": "$4.75",
    "specialType": "Half Price Specials"
  },
  {
    "productID": "CL224",
    "productName": "Gym Bod Choc Top Protein Dessert Tub 475mL",
    "category": "Frozen",
    "brand": "Gym Bod",
    "description": "475mL, $1.16 per 100mL",
    "price": "$5.50",
    "originalPrice": "$11.00",
    "savings": "$5.50",
    "specialType": "Half Price Specials"
  },
  {
    "productID": "CL225",
    "productName": "Streets Magnum Sticks 4 Pack-6 Pack 360mL-428mL",
    "category": "Frozen",
    "brand": "Streets",
    "description": "4 Pack-6 Pack 360mL-428mL",
    "price": "$7.20",
    "originalPrice": "$12.00",
    "savings": "$4.80",
    "specialType": "Special"
  },
  {
    "productID": "CL226",
    "productName": "Bulla Creamy Classics Ice Cream Sundae Cones 4 Pack 580mL",
    "category": "Frozen",
    "brand": "Bulla",
    "description": "4 Pack 580mL, $1.29 per 100mL",
    "price": "$7.50",
    "originalPrice": "$12.50",
    "savings": "$5.00",
    "specialType": "Special"
  },
  {
    "productID": "CL227",
    "productName": "Streets Solero Exotic Sticks 3 Pack 270mL",
    "category": "Frozen",
    "brand": "Streets",
    "description": "3 Pack 270mL, $1.78 per 100mL",
    "price": "$4.80",
    "originalPrice": "$8.00",
    "savings": "$3.20",
    "specialType": "Special"
  },
  {
    "productID": "CL228",
    "productName": "Mars Smooth & Creamy Ice Bars 5 Pack 247mL",
    "category": "Frozen",
    "brand": "Mars",
    "description": "5 Pack 247mL, $2.43 per 100mL",
    "price": "$6.00",
    "originalPrice": "$9.50",
    "savings": "$3.50",
    "specialType": "Special"
  },
  {
    "productID": "CL229",
    "productName": "Ben & Jerry's Ice Cream Tub 427mL-458mL",
    "category": "Frozen",
    "brand": "Ben & Jerry's",
    "description": "427mL-458mL",
    "price": "$8.70",
    "originalPrice": "$14.50",
    "savings": "$5.80",
    "specialType": "Special"
  },
  {
    "productID": "CL230",
    "productName": "Herbert Adams Slow Cooked Beef Pies 2 Pack 400g-420g",
    "category": "Frozen",
    "brand": "Herbert Adams",
    "description": "2 Pack 400g-420g",
    "price": "$6.00",
    "originalPrice": "$10.00",
    "savings": "$4.00",
    "specialType": "Special"
  },
  {
    "productID": "CL231",
    "productName": "Birds Eye Deli Crispy Light Batter Fish 250g",
    "category": "Frozen",
    "brand": "Birds Eye",
    "description": "250g, $26.40 per kg",
    "price": "$6.60",
    "originalPrice": "$11.00",
    "savings": "$4.40",
    "specialType": "Special"
  },
  {
    "productID": "CL232",
    "productName": "Birds Eye Deli Rosemary & Sea Salt Chips 600g",
    "category": "Frozen",
    "brand": "Birds Eye",
    "description": "600g, $7.50 per kg",
    "price": "$4.50",
    "originalPrice": "$6.20",
    "savings": "$1.70",
    "specialType": "Special"
  },
  {
    "productID": "CL233",
    "productName": "McCain Pub Style Fries 750g",
    "category": "Frozen",
    "brand": "McCain",
    "description": "750g, $6.40 per kg",
    "price": "$4.80",
    "originalPrice": "$6.00",
    "savings": "$1.20",
    "specialType": "Special"
  },
  {
    "productID": "CL234",
    "productName": "Birds Eye Australian Carrot, Cauliflower & Broccoli 1kg",
    "category": "Frozen",
    "brand": "Birds Eye",
    "description": "1kg, $5.20 per kg",
    "price": "$5.20",
    "originalPrice": "$6.50",
    "savings": "$1.30",
    "specialType": "Special"
  },
  {
    "productID": "CL235",
    "productName": "Four'N Twenty Traditional Pies 4 Pack 700g",
    "category": "Frozen",
    "brand": "Four'N Twenty",
    "description": "4 Pack 700g, $0.99 per 100g",
    "price": "$6.90",
    "originalPrice": "$9.50",
    "savings": "$2.60",
    "specialType": "Special"
  },
  {
    "productID": "CL236",
    "productName": "McCain Family Pizza 490g-500g",
    "category": "Frozen",
    "brand": "McCain",
    "description": "490g-500g",
    "price": "$7.00",
    "originalPrice": "$8.80",
    "savings": "$1.80",
    "specialType": "Special"
  },
  {
    "productID": "CL237",
    "productName": "McCain Rustica Pizza 370g-460g",
    "category": "Frozen",
    "brand": "McCain",
    "description": "370g-460g",
    "price": "$8.80",
    "originalPrice": "$11.00",
    "savings": "$2.20",
    "specialType": "Special"
  },
  {
    "productID": "CL238",
    "productName": "Rexona 48hr Aerosol Deodorant 250mL",
    "category": "Health & Beauty",
    "brand": "Rexona",
    "description": "250mL, $1.70 per 100mL",
    "price": "$4.25",
    "originalPrice": "$8.50",
    "savings": "$4.25",
    "specialType": "Half Price Specials"
  },
  {
    "productID": "CL239",
    "productName": "Rexona Clinical 96hr Aerosol Deodorant 180mL",
    "category": "Health & Beauty",
    "brand": "Rexona",
    "description": "180mL, $3.33 per 100mL",
    "price": "$6.00",
    "originalPrice": "$12.00",
    "savings": "$6.00",
    "specialType": "Half Price Specials"
  },
  {
    "productID": "CL240",
    "productName": "Beach Rd Naturals Body Bar 150g",
    "category": "Health & Beauty",
    "brand": "Beach Rd Naturals",
    "description": "150g, $1.33 per 100g",
    "price": "$2.00",
    "originalPrice": "$4.00",
    "savings": "$2.00",
    "specialType": "Half Price Specials"
  },
  {
    "productID": "CL241",
    "productName": "Olay Regenerist Ultra Rich Moisturiser Fragrance Free 48g",
    "category": "Health & Beauty",
    "brand": "Olay",
    "description": "48g, $62.50 per 100g",
    "price": "$30.00",
    "originalPrice": "$60.00",
    "savings": "$30.00",
    "specialType": "Half Price Specials"
  },
  {
    "productID": "CL242",
    "productName": "Nivea Hydrating Day Cream SPF30 50mL",
    "category": "Health & Beauty",
    "brand": "Nivea",
    "description": "50mL, $18.00 per 100mL",
    "price": "$9.00",
    "originalPrice": "$15.00",
    "savings": "$6.00",
    "specialType": "Special"
  },
  {
    "productID": "CL243",
    "productName": "E.L.F. Camo Liquid Blush Dusty Rose 4mL",
    "category": "Health & Beauty",
    "brand": "E.L.F.",
    "description": "4mL, $45.00 per 10mL",
    "price": "$18.00",
    "originalPrice": "N/A",
    "savings": "N/A",
    "specialType": "Every Day"
  },
  {
    "productID": "CL244",
    "productName": "Herbal Essences Classics Shampoo or Conditioner 600mL",
    "category": "Health & Beauty",
    "brand": "Herbal Essences",
    "description": "600mL, $1.50 per 100mL",
    "price": "$9.00",
    "originalPrice": "$15.00",
    "savings": "$6.00",
    "specialType": "Special"
  },
  {
    "productID": "CL245",
    "productName": "Depend Real Fit Underwear For Men Size L 8 Pack",
    "category": "Health & Beauty",
    "brand": "Depend",
    "description": "Size L 8 Pack, $1.31 per each",
    "price": "$10.50",
    "originalPrice": "$17.50",
    "savings": "$7.00",
    "specialType": "Special"
  },
  {
    "productID": "CL246",
    "productName": "Hydralyte Effervescent Tablets 40 Pack",
    "category": "Health & Beauty",
    "brand": "Hydralyte",
    "description": "40 Pack, $0.43 per each",
    "price": "$17.00",
    "originalPrice": "$24.40",
    "savings": "$7.40",
    "specialType": "Special"
  },
  {
    "productID": "CL247",
    "productName": "Nivea Antiperspirant Aerosol Deodorant 250mL",
    "category": "Health & Beauty",
    "brand": "Nivea",
    "description": "250mL, $2.20 per 100mL",
    "price": "$5.50",
    "originalPrice": "$9.50",
    "savings": "$4.00",
    "specialType": "Special"
  },
  {
    "productID": "CL248",
    "productName": "Johnson's Baby Bedtime Bath or Shampoo 500mL",
    "category": "Baby",
    "brand": "Johnson's",
    "description": "500mL, $1.10 per 100mL",
    "price": "$5.50",
    "originalPrice": "$11.00",
    "savings": "$5.50",
    "specialType": "Half Price Specials"
  },
  {
    "productID": "CL249",
    "productName": "Curash Fragrance Free Sensitive Skin Baby Wipes 240 Pack",
    "category": "Baby",
    "brand": "Curash",
    "description": "240 Pack, $2.92 per 100 each",
    "price": "$7.00",
    "originalPrice": "$14.00",
    "savings": "$7.00",
    "specialType": "Half Price Specials"
  },
  {
    "productID": "CL250",
    "productName": "Nivea Sun Kids Ultra Protect & Play Sunscreen SPF50+ 200mL",
    "category": "Health & Beauty",
    "brand": "Nivea",
    "description": "200mL, $5.38 per 100mL",
    "price": "$10.75",
    "originalPrice": "$21.50",
    "savings": "$10.75",
    "specialType": "Half Price Specials"
  },
  {
    "productID": "CL251",
    "productName": "Colgate Max Fresh Watermelon Mint Mouthwash 500mL",
    "category": "Health & Beauty",
    "brand": "Colgate",
    "description": "500mL, $1.10 per 100mL",
    "price": "$5.50",
    "originalPrice": "$8.00",
    "savings": "$2.50",
    "specialType": "Special"
  },
  {
    "productID": "CL252",
    "productName": "CUB Nappies Size 2-6 40 Pack-56 Pack",
    "category": "Baby",
    "brand": "CUB",
    "description": "Size 2-6 40 Pack-56 Pack",
    "price": "$11.50",
    "originalPrice": "N/A",
    "savings": "N/A",
    "specialType": "Every Day"
  },
  {
    "productID": "CL253",
    "productName": "Rascals Premium Jumbo Nappies 54 Pack-108 Pack",
    "category": "Baby",
    "brand": "Rascals",
    "description": "54 Pack-108 Pack",
    "price": "$21.50",
    "originalPrice": "$31.00",
    "savings": "$9.50",
    "specialType": "Special"
  },
  {
    "productID": "CL254",
    "productName": "Johnson's Body Care Body Wash 1 Litre",
    "category": "Health & Beauty",
    "brand": "Johnson's",
    "description": "1 Litre, $0.90 per 100mL",
    "price": "$9.00",
    "originalPrice": "$12.00",
    "savings": "$3.00",
    "specialType": "Down Down"
  },
  {
    "productID": "CL255",
    "productName": "Huggies Ultra Dry Jumbo Nappy Pants 48 Pack-62 Pack",
    "category": "Baby",
    "brand": "Huggies",
    "description": "48 Pack-62 Pack",
    "price": "$33.50",
    "originalPrice": "$39.00",
    "savings": "$5.50",
    "specialType": "Down Down"
  },
  {
    "productID": "CL256",
    "productName": "CUB Lightly Scented or Fragrance Free Baby Wipes 80 Pack",
    "category": "Baby",
    "brand": "CUB",
    "description": "80 Pack, $2.50 per 100 each",
    "price": "$2.00",
    "originalPrice": "N/A",
    "savings": "N/A",
    "specialType": "Every Day"
  },
  {
    "productID": "CL257",
    "productName": "Domestos Disinfectant Cleaner 1.25L",
    "category": "Household",
    "brand": "Domestos",
    "description": "1.25L, $0.26 per 100mL",
    "price": "$3.30",
    "originalPrice": "$6.60",
    "savings": "$3.30",
    "specialType": "Half Price Specials"
  },
  {
    "productID": "CL258",
    "productName": "Easy Off Bathroom Cleaning Spray 750mL",
    "category": "Household",
    "brand": "Easy Off",
    "description": "750mL, $0.57 per 100mL",
    "price": "$4.25",
    "originalPrice": "$8.50",
    "savings": "$4.25",
    "specialType": "Half Price Specials"
  },
  {
    "productID": "CL259",
    "productName": "Dettol Multipurpose Disinfectant Wipes 110 Pack",
    "category": "Household",
    "brand": "Dettol",
    "description": "110 Pack, $0.05 per each",
    "price": "$6.00",
    "originalPrice": "$12.00",
    "savings": "$6.00",
    "specialType": "Half Price Specials"
  },
  {
    "productID": "CL260",
    "productName": "White King Power Toilet Gel 700mL",
    "category": "Household",
    "brand": "White King",
    "description": "700mL, $0.43 per 100mL",
    "price": "$3.00",
    "originalPrice": "$6.20",
    "savings": "$3.20",
    "specialType": "Special"
  },
  {
    "productID": "CL261",
    "productName": "Glen 20 Disinfectant Spray 300g",
    "category": "Household",
    "brand": "Glen 20",
    "description": "300g, $1.83 per 100g",
    "price": "$5.50",
    "originalPrice": "$11.00",
    "savings": "$5.50",
    "specialType": "Half Price Specials"
  },
  {
    "productID": "CL262",
    "productName": "Air Wick Diffuser Scented Oil Plug-In + Refill 1 Pack",
    "category": "Household",
    "brand": "Air Wick",
    "description": "1 Pack, $8.00 per each",
    "price": "$8.00",
    "originalPrice": "$16.00",
    "savings": "$8.00",
    "specialType": "Half Price Specials"
  },
  {
    "productID": "CL263",
    "productName": "Mortein PowerGard All In One Insect Killer 300g",
    "category": "Household",
    "brand": "Mortein",
    "description": "300g, $2.92 per 100g",
    "price": "$8.75",
    "originalPrice": "$17.50",
    "savings": "$8.75",
    "specialType": "Half Price Specials"
  },
  {
    "productID": "CL264",
    "productName": "Glad Aromatics Kitchen Tidy Bags Cherry Blossom Medium 28 Pack",
    "category": "Household",
    "brand": "Glad",
    "description": "28 Pack, $0.16 per each",
    "price": "$4.50",
    "originalPrice": "$5.00",
    "savings": "$0.50",
    "specialType": "Down Down"
  },
  {
    "productID": "CL265",
    "productName": "Pine O Cleen Disinfectant Liquid 1.25 Litre",
    "category": "Household",
    "brand": "Pine O Cleen",
    "description": "1.25 Litre, $0.43 per 100mL",
    "price": "$5.40",
    "originalPrice": "$9.00",
    "savings": "$3.60",
    "specialType": "Special"
  },
  {
    "productID": "CL266",
    "productName": "Earth Choice Dishwashing Tablets 42 Pack",
    "category": "Household",
    "brand": "Earth Choice",
    "description": "42 Pack, $0.33 per each",
    "price": "$14.00",
    "originalPrice": "$17.80",
    "savings": "$3.80",
    "specialType": "Special"
  },
  {
    "productID": "CL267",
    "productName": "Coles 2-Ply Facial Tissues 224 Pack",
    "category": "Household",
    "brand": "Coles",
    "description": "224 Pack, $0.85 per 100 sheets",
    "price": "$1.90",
    "originalPrice": "N/A",
    "savings": "N/A",
    "specialType": "Every Day"
  },
  {
    "productID": "CL268",
    "productName": "Quilton 4-Ply Gold Aloe Vera Facial Tissues 100 Pack",
    "category": "Household",
    "brand": "Quilton",
    "description": "100 Pack, $2.20 per 100 sheets",
    "price": "$2.20",
    "originalPrice": "N/A",
    "savings": "N/A",
    "specialType": "Every Day"
  },
  {
    "productID": "CL269",
    "productName": "Quilton 3-Ply White Toilet Paper 20 Pack",
    "category": "Household",
    "brand": "Quilton",
    "description": "20 Pack, $0.31 per 100 sheets",
    "price": "$11.00",
    "originalPrice": "N/A",
    "savings": "N/A",
    "specialType": "Every Day"
  },
  {
    "productID": "CL270",
    "productName": "Coles Ultra Foam Scourers Sponge Non-Scratch 3 Pack",
    "category": "Household",
    "brand": "Coles",
    "description": "3 Pack, $0.67 per each",
    "price": "$2.00",
    "originalPrice": "N/A",
    "savings": "N/A",
    "specialType": "Every Day"
  },
  {
    "productID": "CL271",
    "productName": "Omo Laundry Liquid 4 Litre",
    "category": "Household",
    "brand": "Omo",
    "description": "4 Litre, $6.75 per litre",
    "price": "$27.00",
    "originalPrice": "N/A",
    "savings": "N/A",
    "specialType": "Every Day"
  },
  {
    "productID": "CL272",
    "productName": "Hercules ClickZip Resealable Sandwich Bags 100 Pack",
    "category": "Household",
    "brand": "Hercules",
    "description": "100 Pack, $0.05 per each",
    "price": "$4.70",
    "originalPrice": "$5.25",
    "savings": "$0.55",
    "specialType": "Down Down"
  },
  {
    "productID": "CL273",
    "productName": "Felix Cat Treats 50g-60g",
    "category": "Pet",
    "brand": "Felix",
    "description": "50g-60g",
    "price": "$2.10",
    "originalPrice": "$3.50",
    "savings": "$1.40",
    "specialType": "Special"
  },
  {
    "productID": "CL274",
    "productName": "My Dog Dog Food Tray 100g",
    "category": "Pet",
    "brand": "My Dog",
    "description": "100g, $1.00 per 100g",
    "price": "$1.00",
    "originalPrice": "$1.80",
    "savings": "$0.80",
    "specialType": "Special"
  },
  {
    "productID": "CL275",
    "productName": "Pedigree Dentastix 28 Pack",
    "category": "Pet",
    "brand": "Pedigree",
    "description": "28 Pack, $0.60 per each",
    "price": "$16.80",
    "originalPrice": "$24.00",
    "savings": "$7.20",
    "specialType": "Special"
  },
  {
    "productID": "CL276",
    "productName": "Fussy Cat Mince Cat Food 5x90g",
    "category": "Pet",
    "brand": "Fussy Cat",
    "description": "5x90g, $1.00 per 100g",
    "price": "$4.50",
    "originalPrice": "$6.50",
    "savings": "$2.00",
    "specialType": "Special"
  },
  {
    "productID": "CL277",
    "productName": "Fussy Cat Crunchers Cat Treats 100g",
    "category": "Pet",
    "brand": "Fussy Cat",
    "description": "100g, $2.50 per 100g",
    "price": "$2.50",
    "originalPrice": "$3.90",
    "savings": "$1.40",
    "specialType": "Special"
  },
  {
    "productID": "CL278",
    "productName": "Fussy Cat Grainfree Dry Cat Food 2.5kg",
    "category": "Pet",
    "brand": "Fussy Cat",
    "description": "2.5kg, $0.74 per 100g",
    "price": "$18.50",
    "originalPrice": "$26.50",
    "savings": "$8.00",
    "specialType": "Special"
  },
  {
    "productID": "CL279",
    "productName": "Fancy Feast Savory Centers Cat Food 85g",
    "category": "Pet",
    "brand": "Fancy Feast",
    "description": "85g, $2.35 per 100g",
    "price": "$2.00",
    "originalPrice": "$2.60",
    "savings": "$0.60",
    "specialType": "Special"
  },
  {
    "productID": "CL280",
    "productName": "Pedigree Dry Dog Food 2.5kg-3kg",
    "category": "Pet",
    "brand": "Pedigree",
    "description": "2.5kg-3kg",
    "price": "$10.50",
    "originalPrice": "$15.00",
    "savings": "$4.50",
    "specialType": "Special"
  },
  {
    "productID": "CL281",
    "productName": "Nature's Gift Dry Dog Food 6kg",
    "category": "Pet",
    "brand": "Nature's Gift",
    "description": "6kg, $0.37 per 100g",
    "price": "$22.40",
    "originalPrice": "$28.00",
    "savings": "$5.60",
    "specialType": "Special"
  },
  {
    "productID": "CL282",
    "productName": "Purina Lucky Dog Original Dog Treats 800g",
    "category": "Pet",
    "brand": "Purina",
    "description": "800g, $1.00 per 100g",
    "price": "$8.00",
    "originalPrice": "N/A",
    "savings": "N/A",
    "specialType": "Every Day"
  },
  {
    "productID": "CL283",
    "productName": "Felix Cat Food 24x85g",
    "category": "Pet",
    "brand": "Felix",
    "description": "24x85g, $1.03 per 100g",
    "price": "$21.00",
    "originalPrice": "N/A",
    "savings": "N/A",
    "specialType": "Every Day"
  },
  {
    "productID": "CL284",
    "productName": "Bonds Women's Logo 1/4 Crew Sock 3 Pack",
    "category": "Clothing",
    "brand": "Bonds",
    "description": "3 Pack",
    "price": "$8.00",
    "originalPrice": "$16.00",
    "savings": "$8.00",
    "specialType": "Half Price Specials"
  },
  {
    "productID": "CL285",
    "productName": "Bonds Women's Seamless Full Brief 2 Pack",
    "category": "Clothing",
    "brand": "Bonds",
    "description": "2 Pack",
    "price": "$13.00",
    "originalPrice": "$26.00",
    "savings": "$13.00",
    "specialType": "Half Price Specials"
  },
  {
    "productID": "CL286",
    "productName": "Smash Blue Ceramic Barista Cup 235mL",
    "category": "Household",
    "brand": "Smash",
    "description": "235mL, $11.00 per each",
    "price": "$11.00",
    "originalPrice": "$22.00",
    "savings": "$11.00",
    "specialType": "Half Price Specials"
  },
  {
    "productID": "CL287",
    "productName": "Sistema Klip It Plus Container 3.35 Litre",
    "category": "Household",
    "brand": "Sistema",
    "description": "3.35 Litre, $5.25 per each",
    "price": "$5.25",
    "originalPrice": "$10.50",
    "savings": "$5.25",
    "specialType": "Half Price Specials"
  },
  {
    "productID": "CL288",
    "productName": "Décor Vent & Seal Plastic Container 500mL",
    "category": "Household",
    "brand": "Décor",
    "description": "500mL, $2.25 per each",
    "price": "$2.25",
    "originalPrice": "$4.50",
    "savings": "$2.25",
    "specialType": "Half Price Specials"
  },
  {
    "productID": "CL289",
    "productName": "Duracell Coppertop Batteries AA or AAA 20 Pack",
    "category": "Stationery & Media",
    "brand": "Duracell",
    "description": "20 Pack, $1.00 per each",
    "price": "$20.00",
    "originalPrice": "$30.00",
    "savings": "$10.00",
    "specialType": "Special"
  },
  {
    "productID": "CL290",
    "productName": "Brita Water Filter Maxtra Pro Limescale Expert 2 Pack",
    "category": "Household",
    "brand": "Brita",
    "description": "2 Pack, $12.25 per each",
    "price": "$24.50",
    "originalPrice": "$35.00",
    "savings": "$10.50",
    "specialType": "Special"
  },
  {
    "productID": "CL291",
    "productName": "Belkin USB A Lightning Cable White 1 Pack",
    "category": "Stationery & Media",
    "brand": "Belkin",
    "description": "1 Pack",
    "price": "$19.50",
    "originalPrice": "$24.95",
    "savings": "$5.45",
    "specialType": "Special"
  },
  {
    "productID": "CL292",
    "productName": "10% off Ultimate Her, $50 and $100 Ultimate Him, $30 and $50 Ultimate Teens and $30 and $50 Ultimate Students Gift Cards",
    "category": "Stationery & Media",
    "brand": "Ultimate",
    "description": "Gift Cards",
    "price": "Varies",
    "originalPrice": "N/A",
    "savings": "10% off",
    "specialType": "Special"
  },
  {
    "productID": "CL293",
    "productName": "Optus X-Start 5",
    "category": "Stationery & Media",
    "brand": "Optus",
    "description": "Mobile Phone",
    "price": "$59.00",
    "originalPrice": "$79.00",
    "savings": "$20.00",
    "specialType": "Special"
  },
  {
    "productID": "CL294",
    "productName": "Optus X-Total",
    "category": "Stationery & Media",
    "brand": "Optus",
    "description": "Mobile Phone",
    "price": "$99.00",
    "originalPrice": "$129.00",
    "savings": "$30.00",
    "specialType": "Special"
  },
  {
    "productID": "CL295",
    "productName": "Optus Portable Modem",
    "category": "Stationery & Media",
    "brand": "Optus",
    "description": "Modem",
    "price": "$49.00",
    "originalPrice": "$99.00",
    "savings": "$50.00",
    "specialType": "Special"
  },
  {
    "productID": "CL296",
    "productName": "Optus $39 Prepaid SIM Starter Kit",
    "category": "Stationery & Media",
    "brand": "Optus",
    "description": "SIM Kit",
    "price": "$14.00",
    "originalPrice": "$39.00",
    "savings": "$25.00",
    "specialType": "Special"
  },
  {
    "productID": "CL297",
    "productName": "Coles Mobile $25 Prepaid SIM",
    "category": "Stationery & Media",
    "brand": "Coles Mobile",
    "description": "SIM Kit",
    "price": "$10.00",
    "originalPrice": "$25.00",
    "savings": "$15.00",
    "specialType": "Special"
  },
  {
    "productID": "CL298",
    "productName": "Coles Mobile $240 SIM",
    "category": "Stationery & Media",
    "brand": "Coles Mobile",
    "description": "SIM Kit",
    "price": "$189.00",
    "originalPrice": "$240.00",
    "savings": "$51.00",
    "specialType": "Special"
  },
  {
    "productID": "CL299",
    "productName": "Dodo $33 SIM + Credit Pack",
    "category": "Stationery & Media",
    "brand": "Dodo",
    "description": "SIM Kit",
    "price": "$12.00",
    "originalPrice": "$33.00",
    "savings": "$21.00",
    "specialType": "Special"
  },
  {
    "productID": "CL300",
    "productName": "amaysim $40 Starter Pack",
    "category": "Stationery & Media",
    "brand": "amaysim",
    "description": "SIM Kit",
    "price": "$15.00",
    "originalPrice": "$40.00",
    "savings": "$25.00",
    "specialType": "Special"
  }
,
  {
    "productID": "CL301",
    "productName": "Telstra $39 SIM Kit",
    "category": "Stationery & Media",
    "brand": "Telstra",
    "description": "SIM Kit",
    "price": "$13.00",
    "originalPrice": "$39.00",
    "savings": "$26.00",
    "specialType": "Special"
  },
  {
    "productID": "CL302",
    "productName": "Telstra T-Elite 5G",
    "category": "Stationery & Media",
    "brand": "Telstra",
    "description": "Mobile Phone",
    "price": "$159.00",
    "originalPrice": "$179.00",
    "savings": "$20.00",
    "specialType": "Special"
  },
  {
    "productID": "CL303",
    "productName": "Vodafone $12 Prepaid SIM",
    "category": "Stationery & Media",
    "brand": "Vodafone",
    "description": "SIM Kit",
    "price": "$6.00",
    "originalPrice": "$12.00",
    "savings": "$6.00",
    "specialType": "Special"
  },
  {
    "productID": "CL304",
    "productName": "Vodafone $45 Prepaid SIM",
    "category": "Stationery & Media",
    "brand": "Vodafone",
    "description": "SIM Kit",
    "price": "$18.00",
    "originalPrice": "$45.00",
    "savings": "$27.00",
    "specialType": "Special"
  },
  {
    "productID": "CL305",
    "productName": "Lebara $24.90 Starter Pack",
    "category": "Stationery & Media",
    "brand": "Lebara",
    "description": "SIM Kit",
    "price": "$10.00",
    "originalPrice": "$24.90",
    "savings": "$14.90",
    "specialType": "Special"
  },
  {
    "productID": "CL306",
    "productName": "Lebara $250 Starter Pack",
    "category": "Stationery & Media",
    "brand": "Lebara",
    "description": "SIM Kit",
    "price": "$169.00",
    "originalPrice": "$250.00",
    "savings": "$81.00",
    "specialType": "Special"
  },
  {
    "productID": "CL307",
    "productName": "Boost $39 Sim Pack",
    "category": "Stationery & Media",
    "brand": "Boost",
    "description": "SIM Kit",
    "price": "$12.00",
    "originalPrice": "$39.00",
    "savings": "$27.00",
    "specialType": "Special"
  },
  {
    "productID": "CL308",
    "productName": "Boost $49 Sim Pack",
    "category": "Stationery & Media",
    "brand": "Boost",
    "description": "SIM Kit",
    "price": "$25.00",
    "originalPrice": "$49.00",
    "savings": "$24.00",
    "specialType": "Special"
  },
  {
    "productID": "CL309",
    "productName": "Asahi Super Dry Bottles 6x330mL",
    "category": "Liquor",
    "brand": "Asahi",
    "description": "6x330mL",
    "price": "$21.00",
    "originalPrice": "$23.00",
    "savings": "$2.00",
    "specialType": "Special"
  },
  {
    "productID": "CL310",
    "productName": "Heineken Silver Bottles 24x330mL",
    "category": "Liquor",
    "brand": "Heineken",
    "description": "24x330mL",
    "price": "$55.00",
    "originalPrice": "$58.00",
    "savings": "$3.00",
    "specialType": "Special"
  },
  {
    "productID": "CL311",
    "productName": "Mountain Goat 'Goat' Lager Cans 6x375mL",
    "category": "Liquor",
    "brand": "Mountain Goat",
    "description": "6x375mL",
    "price": "$19.00",
    "originalPrice": "$21.00",
    "savings": "$2.00",
    "specialType": "Special"
  },
  {
    "productID": "CL312",
    "productName": "Gage Roads Side Track All Day XPA Cans 24x330mL",
    "category": "Liquor",
    "brand": "Gage Roads",
    "description": "24x330mL",
    "price": "$65.00",
    "originalPrice": "$71.00",
    "savings": "$6.00",
    "specialType": "Special"
  },
  {
    "productID": "CL313",
    "productName": "Ello Vodka Alcoholico Lemon 4.5% Cans 4x375mL",
    "category": "Liquor",
    "brand": "Ello",
    "description": "4x375mL",
    "price": "$20.00",
    "originalPrice": "$26.00",
    "savings": "$6.00",
    "specialType": "Special"
  },
  {
    "productID": "CL314",
    "productName": "Jim Beam White & Cola Cans 10x375mL",
    "category": "Liquor",
    "brand": "Jim Beam",
    "description": "10x375mL",
    "price": "$48.00",
    "originalPrice": "$53.00",
    "savings": "$5.00",
    "specialType": "Special"
  },
  {
    "productID": "CL315",
    "productName": "Isla Vodka Lime & Soda Cans 4x330mL",
    "category": "Liquor",
    "brand": "Isla",
    "description": "4x330mL",
    "price": "$20.00",
    "originalPrice": "$22.00",
    "savings": "$2.00",
    "specialType": "Special"
  },
  {
    "productID": "CL316",
    "productName": "Kirin Hyoketsu Cans 4x330mL",
    "category": "Liquor",
    "brand": "Kirin",
    "description": "4x330mL",
    "price": "$25.00",
    "originalPrice": "$28.00",
    "savings": "$3.00",
    "specialType": "Special"
  },
  {
    "productID": "CL317",
    "productName": "Wild Turkey 101 Kentucky Straight Bourbon Whiskey 700mL",
    "category": "Liquor",
    "brand": "Wild Turkey",
    "description": "700mL",
    "price": "$73.00",
    "originalPrice": "$82.00",
    "savings": "$9.00",
    "specialType": "Special"
  },
  {
    "productID": "CL318",
    "productName": "Kurayoshi The Tottori Blended Japanese Whiskey 700mL",
    "category": "Liquor",
    "brand": "Kurayoshi",
    "description": "700mL",
    "price": "$84.00",
    "originalPrice": "$100.00",
    "savings": "$16.00",
    "specialType": "Special"
  },
  {
    "productID": "CL319",
    "productName": "Bombay Sapphire Gin 700mL",
    "category": "Liquor",
    "brand": "Bombay Sapphire",
    "description": "700mL",
    "price": "$61.00",
    "originalPrice": "$70.00",
    "savings": "$9.00",
    "specialType": "Special"
  },
  {
    "productID": "CL320",
    "productName": "Sierra Tequila Blanco 700mL",
    "category": "Liquor",
    "brand": "Sierra",
    "description": "700mL",
    "price": "$59.00",
    "originalPrice": "$71.00",
    "savings": "$12.00",
    "specialType": "Special"
  },
  {
    "productID": "CL321",
    "productName": "Mateus Rose 750mL",
    "category": "Liquor",
    "brand": "Mateus",
    "description": "750mL",
    "price": "$14.00",
    "originalPrice": "$19.00",
    "savings": "$5.00",
    "specialType": "Special"
  },
  {
    "productID": "CL322",
    "productName": "Brown Brothers Moscato Strawberries & Cream 750mL",
    "category": "Liquor",
    "brand": "Brown Brothers",
    "description": "750mL",
    "price": "$15.00",
    "originalPrice": "$17.00",
    "savings": "$2.00",
    "specialType": "Special"
  },
  {
    "productID": "CL323",
    "productName": "St Hallett Faith Shiraz 750mL",
    "category": "Liquor",
    "brand": "St Hallett",
    "description": "750mL",
    "price": "$15.00",
    "originalPrice": "$24.00",
    "savings": "$9.00",
    "specialType": "Special"
  },
  {
    "productID": "CL324",
    "productName": "Oyster Bay Marlborough Sauvignon Blanc 750mL",
    "category": "Liquor",
    "brand": "Oyster Bay",
    "description": "750mL",
    "price": "$17.00",
    "originalPrice": "$23.00",
    "savings": "$6.00",
    "specialType": "Special"
  },
  {
    "productID": "CL325",
    "productName": "Daisy Scalloped Bowl 28cm",
    "category": "Household",
    "brand": "Coles",
    "description": "28cm",
    "price": "$16.00",
    "originalPrice": "N/A",
    "savings": "N/A",
    "specialType": "Special"
  }
]