[
  {
    "productID": "HB-NW001",
    "productName": "Nature's Way Adult Vita Gummies Men's or Women's Multivitamin 100 Pack^",
    "category": "Health & Beauty",
    "brand": "Nature's Way",
    "description": "Adult multivitamin gummies, 100 pack",
    "price": "$14.00",
    "originalPrice": "$28.00",
    "savings": "$14.00",
    "specialType": "Half Price",
    "unitPrice": "$14.00 per 100 each"
  },
  {
    "productID": "HB-BL001",
    "productName": "Blackmores Odourless Fish Oil or Fish Oil 1000mg Capsules 200 Pack^",
    "category": "Health & Beauty",
    "brand": "Blackmores",
    "description": "Fish oil capsules 1000mg, 200 pack",
    "price": "$20.00",
    "originalPrice": "$40.00",
    "savings": "$20.00",
    "specialType": "Half Price",
    "unitPrice": "$10.00 per 100 each"
  },
  {
    "productID": "HB-NW002",
    "productName": "Nature's Way Adult Vita Gummies Probiotic + Prebiotic 65 Pack",
    "category": "Health & Beauty",
    "brand": "Nature's Way",
    "description": "Probiotic + prebiotic gummies, 65 pack",
    "price": "$14.00",
    "originalPrice": "$28.00",
    "savings": "$14.00",
    "specialType": "Half Price",
    "unitPrice": "$21.54 per 100 each"
  },
  {
    "productID": "HB-NW003",
    "productName": "Nature's Way Kids Smart Vita Gummies Multi-Vitamin Plus 120 Pack",
    "category": "Health & Beauty",
    "brand": "Nature's Way",
    "description": "Kids multivitamin gummies, 120 pack",
    "price": "$16.00",
    "originalPrice": "$32.00",
    "savings": "$16.00",
    "specialType": "Half Price",
    "unitPrice": "$13.33 per 100 each"
  },
  {
    "productID": "HB-NW004",
    "productName": "Nature's Way Beauty Collagen Shot 50mL x 10 Pack",
    "category": "Health & Beauty",
    "brand": "Nature's Way",
    "description": "Beauty collagen shots, 10x50mL",
    "price": "$19.00",
    "originalPrice": "$38.00",
    "savings": "$19.00",
    "specialType": "Half Price",
    "unitPrice": "$38.00 per litre"
  },
  {
    "productID": "HB-NW005",
    "productName": "Nature's Way Adult Vita Gummies Hair Skin Nails 150 Pack",
    "category": "Health & Beauty",
    "brand": "Nature's Way",
    "description": "Hair skin nails gummies, 150 pack",
    "price": "$21.00",
    "originalPrice": "$42.00",
    "savings": "$21.00",
    "specialType": "Half Price",
    "unitPrice": "$14.00 per 100 each"
  },
  {
    "productID": "HB-NW006",
    "productName": "Nature's Way Magnesium + Turmeric Tablets 150 Pack",
    "category": "Health & Beauty",
    "brand": "Nature's Way",
    "description": "Magnesium + turmeric tablets, 150 pack",
    "price": "$22.00",
    "originalPrice": "$44.00",
    "savings": "$22.00",
    "specialType": "Half Price",
    "unitPrice": "$14.67 per 100 each"
  },
  {
    "productID": "HB-NW007",
    "productName": "Nature's Way Restore Probiotic Daily Health Capsules 90 Pack",
    "category": "Health & Beauty",
    "brand": "Nature's Way",
    "description": "Probiotic daily health capsules, 90 pack",
    "price": "$26.50",
    "originalPrice": "$53.00",
    "savings": "$26.50",
    "specialType": "Half Price",
    "unitPrice": "$29.44 per 100 each"
  },
  {
    "productID": "HB-BL002",
    "productName": "Blackmores Executive B Stress Formula Tablets 125 Pack",
    "category": "Health & Beauty",
    "brand": "Blackmores",
    "description": "Executive B stress formula tablets, 125 pack",
    "price": "$20.00",
    "originalPrice": "$40.00",
    "savings": "$20.00",
    "specialType": "Half Price",
    "unitPrice": "$16.00 per 100 each"
  },
  {
    "productID": "HB-BL003",
    "productName": "Blackmores Omega Triple Super Strength Capsules 60 Pack",
    "category": "Health & Beauty",
    "brand": "Blackmores",
    "description": "Omega triple super strength capsules, 60 pack",
    "price": "$22.50",
    "originalPrice": "$45.00",
    "savings": "$22.50",
    "specialType": "Half Price",
    "unitPrice": "$37.50 per 100 each"
  },
  {
    "productID": "HB-BL004",
    "productName": "Blackmores Bio C 1000mg Tablets 150 Pack",
    "category": "Health & Beauty",
    "brand": "Blackmores",
    "description": "Bio C 1000mg tablets, 150 pack",
    "price": "$25.00",
    "originalPrice": "$50.00",
    "savings": "$25.00",
    "specialType": "Half Price",
    "unitPrice": "$16.67 per 100 each"
  },
  {
    "productID": "HB-BL005",
    "productName": "Blackmores Fish Oil 1000mg Capsules 400 Pack",
    "category": "Health & Beauty",
    "brand": "Blackmores",
    "description": "Fish oil 1000mg capsules, 400 pack",
    "price": "$30.00",
    "originalPrice": "$60.00",
    "savings": "$30.00",
    "specialType": "Half Price",
    "unitPrice": "$7.50 per 100 each"
  },
  {
    "productID": "HB-CT001",
    "productName": "Caltrate Bone & Muscle Health Tablets 100 Pack",
    "category": "Health & Beauty",
    "brand": "Caltrate",
    "description": "Bone & muscle health tablets, 100 pack",
    "price": "$10.50",
    "originalPrice": "$21.00",
    "savings": "$10.50",
    "specialType": "Half Price",
    "unitPrice": "$10.50 per 100 each"
  },
  {
    "productID": "HB-CN001",
    "productName": "Centrum Advance Multivitamin Tablets 100 Pack",
    "category": "Health & Beauty",
    "brand": "Centrum",
    "description": "Advance multivitamin tablets, 100 pack",
    "price": "$12.00",
    "originalPrice": "$24.00",
    "savings": "$12.00",
    "specialType": "Half Price",
    "unitPrice": "$12.00 per 100 each"
  },
  {
    "productID": "HB-VO001",
    "productName": "Voost Effervescent Tablets 20 Pack",
    "category": "Health & Beauty",
    "brand": "Voost",
    "description": "Effervescent tablets, 20 pack",
    "price": "$5.50",
    "originalPrice": "$11.00",
    "savings": "$5.50",
    "specialType": "Half Price",
    "unitPrice": "$27.50 per 100 each"
  },
  {
    "productID": "HB-BE001",
    "productName": "Berocca Energy Effervescent Tablets 45 Pack",
    "category": "Health & Beauty",
    "brand": "Berocca",
    "description": "Energy effervescent tablets, 45 pack",
    "price": "$13.00",
    "originalPrice": "$26.00",
    "savings": "$13.00",
    "specialType": "Half Price",
    "unitPrice": "$28.89 per 100 each"
  },
  {
    "productID": "HB-LB001",
    "productName": "Life Botanics Pure Marine Collagen Peptides Powder 150g",
    "category": "Health & Beauty",
    "brand": "Life Botanics",
    "description": "Pure marine collagen peptides powder, 150g",
    "price": "$20.00",
    "originalPrice": "$40.00",
    "savings": "$20.00",
    "specialType": "Half Price",
    "unitPrice": "$13.33 per 100g"
  },
  {
    "productID": "HB-SW001",
    "productName": "Swisse Ultiboost Iron Tablets 30 Pack",
    "category": "Health & Beauty",
    "brand": "Swisse",
    "description": "Ultiboost iron tablets, 30 pack",
    "price": "$7.50",
    "originalPrice": "$15.00",
    "savings": "$7.50",
    "specialType": "Half Price",
    "unitPrice": "$25.00 per 100 each"
  },
  {
    "productID": "HB-SW002",
    "productName": "Swisse Ultiboost Magnesium, Calcium + D3 Tablets 120 Pack",
    "category": "Health & Beauty",
    "brand": "Swisse",
    "description": "Magnesium, calcium + D3 tablets, 120 pack",
    "price": "$14.75",
    "originalPrice": "$29.50",
    "savings": "$14.75",
    "specialType": "Half Price",
    "unitPrice": "$12.29 per 100 each"
  },
  {
    "productID": "HB-SW003",
    "productName": "Swisse Ultiboost Vitamin D Capsules 400 Pack",
    "category": "Health & Beauty",
    "brand": "Swisse",
    "description": "Ultiboost vitamin D capsules, 400 pack",
    "price": "$19.75",
    "originalPrice": "$39.50",
    "savings": "$19.75",
    "specialType": "Half Price",
    "unitPrice": "$4.94 per 100 each"
  },
  {
    "productID": "HB-SW004",
    "productName": "Swisse Ultiboost Magnesium Tablets 200 Pack",
    "category": "Health & Beauty",
    "brand": "Swisse",
    "description": "Ultiboost magnesium tablets, 200 pack",
    "price": "$24.75",
    "originalPrice": "$49.50",
    "savings": "$24.75",
    "specialType": "Half Price",
    "unitPrice": "$12.38 per 100 each"
  },
  {
    "productID": "HB-CV001",
    "productName": "Cenovis Sugarless C 500mg Chewables 320 Pack",
    "category": "Health & Beauty",
    "brand": "Cenovis",
    "description": "Sugarless C 500mg chewables, 320 pack",
    "price": "$13.00",
    "originalPrice": "$26.00",
    "savings": "$13.00",
    "specialType": "Half Price",
    "unitPrice": "$4.06 per 100 each"
  },
  {
    "productID": "HB-CV002",
    "productName": "Cenovis Once Daily Men's Multi+ Performance Capsules 100 Pack",
    "category": "Health & Beauty",
    "brand": "Cenovis",
    "description": "Once daily men's multi+ performance capsules, 100 pack",
    "price": "$18.50",
    "originalPrice": "$37.00",
    "savings": "$18.50",
    "specialType": "Half Price",
    "unitPrice": "$18.50 per 100 each"
  },
  {
    "productID": "HB-UL001",
    "productName": "UltraLife High Strength Magnesium Tablets 200 Pack",
    "category": "Health & Beauty",
    "brand": "UltraLife",
    "description": "High strength magnesium tablets, 200 pack",
    "price": "$15.00",
    "originalPrice": "$30.00",
    "savings": "$15.00",
    "specialType": "Half Price",
    "unitPrice": "$7.50 per 100 each"
  },
  {
    "productID": "HB-VC001",
    "productName": "Vitaceuticals MagZorb Magnesium Glycinate Capsules 100 Pack",
    "category": "Health & Beauty",
    "brand": "Vitaceuticals",
    "description": "MagZorb magnesium glycinate capsules, 100 pack",
    "price": "$16.50",
    "originalPrice": "$33.00",
    "savings": "$16.50",
    "specialType": "Half Price",
    "unitPrice": "$16.50 per 100 each"
  },
  {
    "productID": "HB-OS001",
    "productName": "Ostelin Vitamin D3 1000IU Capsules 250 Pack",
    "category": "Health & Beauty",
    "brand": "Ostelin",
    "description": "Vitamin D3 1000IU capsules, 250 pack",
    "price": "$24.50",
    "originalPrice": "$49.00",
    "savings": "$24.50",
    "specialType": "Half Price",
    "unitPrice": "$9.80 per 100 each"
  },
  {
    "productID": "HL-MU001",
    "productName": "Musashi P45 High Protein Bar 90g",
    "category": "Healthy Living",
    "brand": "Musashi",
    "description": "High protein bar, 90g",
    "price": "$3.45",
    "originalPrice": "$6.90",
    "savings": "$3.45",
    "specialType": "Half Price",
    "unitPrice": "$3.83 per 100g"
  },
  {
    "productID": "HL-BS001",
    "productName": "BSc Bodyscience Soft Protein Bar 55g",
    "category": "Healthy Living",
    "brand": "BSc Bodyscience",
    "description": "Soft protein bar, 55g",
    "price": "$2.50",
    "originalPrice": "$5.00",
    "savings": "$2.50",
    "specialType": "Half Price",
    "unitPrice": "$4.55 per 100g"
  },
  {
    "productID": "HL-MX001",
    "productName": "Maxine's Burn High Protein Bar 40g",
    "category": "Healthy Living",
    "brand": "Maxine's",
    "description": "Burn high protein bar, 40g",
    "price": "$1.65",
    "originalPrice": "$3.30",
    "savings": "$1.65",
    "specialType": "Half Price",
    "unitPrice": "$4.13 per 100g"
  },
  {
    "productID": "HL-MU002",
    "productName": "Musashi Protein Crisp Bar 60g",
    "category": "Healthy Living",
    "brand": "Musashi",
    "description": "Protein crisp bar, 60g",
    "price": "$2.45",
    "originalPrice": "$4.90",
    "savings": "$2.45",
    "specialType": "Half Price",
    "unitPrice": "$4.08 per 100g"
  },
  {
    "productID": "HL-OX001",
    "productName": "Oxyshred Ultra Energy Drink 255mL",
    "category": "Healthy Living",
    "brand": "Oxyshred",
    "description": "Ultra energy drink, 255mL",
    "price": "$2.45",
    "originalPrice": "$4.90",
    "savings": "$2.45",
    "specialType": "Half Price",
    "unitPrice": "$6.90 per litre"
  },
  {
    "productID": "HL-BS002",
    "productName": "BSc Bodyscience High Protein Low Carb Bar 60g",
    "category": "Healthy Living",
    "brand": "BSc Bodyscience",
    "description": "High protein low carb bar, 60g",
    "price": "$2.50",
    "originalPrice": "$5.00",
    "savings": "$2.50",
    "specialType": "Half Price",
    "unitPrice": "$4.17 per 100g"
  },
  {
    "productID": "HL-GR001",
    "productName": "Grenade High Protein Bar 60g",
    "category": "Healthy Living",
    "brand": "Grenade",
    "description": "High protein bar, 60g",
    "price": "$2.50",
    "originalPrice": "$5.00",
    "savings": "$2.50",
    "specialType": "Half Price",
    "unitPrice": "$4.17 per 100g"
  },
  {
    "productID": "HL-QS001",
    "productName": "Quest Peanut Butter Cups 42g",
    "category": "Healthy Living",
    "brand": "Quest",
    "description": "Peanut butter cups, 42g",
    "price": "$2.70",
    "originalPrice": "$5.40",
    "savings": "$2.70",
    "specialType": "Half Price",
    "unitPrice": "$6.43 per 100g"
  },
  {
    "productID": "HL-NP001",
    "productName": "Naturopathica Fat Blaster Weight Loss Shake 465g",
    "category": "Healthy Living",
    "brand": "Naturopathica",
    "description": "Fat blaster weight loss shake, 465g",
    "price": "$14.00",
    "originalPrice": "$28.00",
    "savings": "$14.00",
    "specialType": "Half Price",
    "unitPrice": "$3.01 per 100g"
  },
  {
    "productID": "HL-BS003",
    "productName": "BSc Pure Creatine 200g",
    "category": "Healthy Living",
    "brand": "BSc Bodyscience",
    "description": "Pure creatine, 200g",
    "price": "$14.00",
    "originalPrice": "$28.00",
    "savings": "$14.00",
    "specialType": "Half Price",
    "unitPrice": "$7.00 per 100g"
  },
  {
    "productID": "HL-MN001",
    "productName": "Muscle Nation Daily Shake Powder 300g",
    "category": "Healthy Living",
    "brand": "Muscle Nation",
    "description": "Daily shake powder, 300g",
    "price": "$17.50",
    "originalPrice": "$35.00",
    "savings": "$17.50",
    "specialType": "Half Price",
    "unitPrice": "$5.83 per 100g"
  },
  {
    "productID": "HL-MU003",
    "productName": "Musashi Creatine Unflavoured 350g",
    "category": "Healthy Living",
    "brand": "Musashi",
    "description": "Creatine unflavoured, 350g",
    "price": "$22.50",
    "originalPrice": "$45.00",
    "savings": "$22.50",
    "specialType": "Half Price",
    "unitPrice": "$6.43 per 100g"
  },
  {
    "productID": "HL-BS004",
    "productName": "BSc Protein Powder 800g",
    "category": "Healthy Living",
    "brand": "BSc Bodyscience",
    "description": "Protein powder, 800g",
    "price": "$27.50",
    "originalPrice": "$55.00",
    "savings": "$27.50",
    "specialType": "Half Price",
    "unitPrice": "$3.44 per 100g"
  },
  {
    "productID": "HL-MU004",
    "productName": "Musashi P30 High Protein Powder 900g",
    "category": "Healthy Living",
    "brand": "Musashi",
    "description": "P30 high protein powder, 900g",
    "price": "$37.50",
    "originalPrice": "$75.00",
    "savings": "$37.50",
    "specialType": "Half Price",
    "unitPrice": "$4.17 per 100g"
  },
  {
    "productID": "HL-BS005",
    "productName": "BSc Bodyscience High Protein Salted Caramel Bar 60g",
    "category": "Healthy Living",
    "brand": "BSc Bodyscience",
    "description": "High protein salted caramel bar, 60g",
    "price": "$2.50",
    "originalPrice": "$5.00",
    "savings": "$2.50",
    "specialType": "Half Price",
    "unitPrice": "$4.17 per 100g"
  },
  {
    "productID": "HL-HL001",
    "productName": "Health Lab Protein Ball 40g",
    "category": "Healthy Living",
    "brand": "Health Lab",
    "description": "Protein ball, 40g",
    "price": "$2.50",
    "originalPrice": "$3.50",
    "savings": "$1.00",
    "specialType": "Price Drop",
    "unitPrice": "$6.25 per 100g"
  },
  {
    "productID": "HL-MV001",
    "productName": "Mayver's High Protein+ Bars 5 Pack 200g",
    "category": "Healthy Living",
    "brand": "Mayver's",
    "description": "High protein+ bars, 5 pack, 200g",
    "price": "$5.50",
    "originalPrice": "$7.90",
    "savings": "$2.40",
    "specialType": "Price Drop",
    "unitPrice": "$2.75 per 100g"
  },
  {
    "productID": "HL-CM002",
    "productName": "Carman's Protein Clusters 425g",
    "category": "Healthy Living",
    "brand": "Carman's",
    "description": "Protein clusters, 425g",
    "price": "$6.00",
    "originalPrice": "$8.90",
    "savings": "$2.90",
    "specialType": "Price Drop",
    "unitPrice": "$1.41 per 100g"
  },
  {
    "productID": "HL-RT001",
    "productName": "Red Tractor High Protein Muesli or Granola 750g-800g",
    "category": "Healthy Living",
    "brand": "Red Tractor",
    "description": "High protein muesli or granola, 750g-800g",
    "price": "$10.00",
    "originalPrice": "$13.00",
    "savings": "$3.00",
    "specialType": "Price Drop",
    "unitPrice": null
  },
  {
    "productID": "HL-UT001",
    "productName": "Uncle Tobys Protein Muesli Bars 175g",
    "category": "Healthy Living",
    "brand": "Uncle Tobys",
    "description": "Protein muesli bars, 175g",
    "price": "2 for $11.00",
    "originalPrice": null,
    "savings": "$2.40",
    "specialType": "Multi Buy",
    "unitPrice": "$3.14 per 100g"
  },
  {
    "productID": "MS-CL001",
    "productName": "Coles Australian Lamb Forequarter Chops",
    "category": "Meat, Seafood & Deli",
    "brand": "Coles",
    "description": "Australian lamb forequarter chops",
    "price": "$17.00 kg",
    "originalPrice": "$23.00 kg",
    "savings": "$6.00 kg",
    "specialType": "Price Drop",
    "unitPrice": "$17.00 per kg"
  },
  {
    "productID": "MS-CL002",
    "productName": "Coles RSPCA Approved Chicken Whole Medium or Extra Large",
    "category": "Meat, Seafood & Deli",
    "brand": "Coles",
    "description": "RSPCA approved whole chicken",
    "price": "$4.80 kg",
    "originalPrice": "$5.50 kg",
    "savings": "$0.70 kg",
    "specialType": "Price Drop",
    "unitPrice": "$4.80 per kg"
  },
  {
    "productID": "MS-CL003",
    "productName": "Coles Australian Pork Scotch Fillet Steak 600g",
    "category": "Meat, Seafood & Deli",
    "brand": "Coles",
    "description": "Australian pork scotch fillet steak, 600g",
    "price": "$10.00",
    "originalPrice": "$12.00",
    "savings": "$2.00",
    "specialType": "Price Drop",
    "unitPrice": "$16.67 per kg"
  },
  {
    "productID": "MS-CL004",
    "productName": "Coles Australian No Added Hormones Beef Stir Fry 500g",
    "category": "Meat, Seafood & Deli",
    "brand": "Coles",
    "description": "No added hormones beef stir fry, 500g",
    "price": "$10.50",
    "originalPrice": "$12.00",
    "savings": "$1.50",
    "specialType": "Price Drop",
    "unitPrice": "$21.00 per kg"
  },
  {
    "productID": "MS-CL005",
    "productName": "Coles Australian No Added Hormones Beef GRAZE Grass Fed Scotch Fillet Steak 250g",
    "category": "Meat, Seafood & Deli",
    "brand": "Coles",
    "description": "Grass fed scotch fillet steak, 250g",
    "price": "$12.50",
    "originalPrice": "$14.50",
    "savings": "$2.00",
    "specialType": "Price Drop",
    "unitPrice": "$50.00 per kg"
  },
  {
    "productID": "MS-CL006",
    "productName": "Coles Australian Lamb Strips with Souvlaki Seasoning 500g",
    "category": "Meat, Seafood & Deli",
    "brand": "Coles",
    "description": "Lamb strips with souvlaki seasoning, 500g",
    "price": "$12.00",
    "originalPrice": "$14.00",
    "savings": "$2.00",
    "specialType": "Price Drop",
    "unitPrice": "$24.00 per kg"
  },
  {
    "productID": "MS-CL007",
    "productName": "Lamb Butterflied with Rosemary & Garlic",
    "category": "Meat, Seafood & Deli",
    "brand": "Coles",
    "description": "Butterflied lamb with rosemary & garlic",
    "price": "$22.00 kg",
    "originalPrice": "$26.00 kg",
    "savings": "$4.00 kg",
    "specialType": "Price Drop",
    "unitPrice": "$22.00 per kg"
  },
  {
    "productID": "MS-CL008",
    "productName": "Coles Australian No Added Hormones Beef Sandwich Steak 400g",
    "category": "Meat, Seafood & Deli",
    "brand": "Coles",
    "description": "Beef sandwich steak, 400g",
    "price": "$10.00",
    "originalPrice": "$13.00",
    "savings": "$3.00",
    "specialType": "Price Drop",
    "unitPrice": "$25.00 per kg"
  },
  {
    "productID": "MS-CL009",
    "productName": "Coles Classic Burgers 400g-500g",
    "category": "Meat, Seafood & Deli",
    "brand": "Coles",
    "description": "Classic burgers, 400g-500g",
    "price": "$7.50",
    "originalPrice": "$8.50",
    "savings": "$1.00",
    "specialType": "Down Down",
    "unitPrice": null
  },
  {
    "productID": "MS-CL010",
    "productName": "Coles RSPCA Approved Chicken Kebabs Honey & Soy 750g",
    "category": "Meat, Seafood & Deli",
    "brand": "Coles",
    "description": "Chicken kebabs honey & soy, 750g",
    "price": "$10.00",
    "originalPrice": "$11.50",
    "savings": "$1.50",
    "specialType": "Down Down",
    "unitPrice": "$13.33 per kg"
  },
  {
    "productID": "MS-CL011",
    "productName": "Coles RSPCA Approved Chicken Boneless Herb & Garlic 1kg",
    "category": "Meat, Seafood & Deli",
    "brand": "Coles",
    "description": "Chicken boneless herb & garlic, 1kg",
    "price": "$11.00",
    "originalPrice": "$13.00",
    "savings": "$2.00",
    "specialType": "Down Down",
    "unitPrice": "$11.00 per kg"
  },
  {
    "productID": "MS-CL012",
    "productName": "Coles Entertaining Chicken Tender Skewers 300g, Beef Sliders 500g or Pork Kransky Bites 400g",
    "category": "Meat, Seafood & Deli",
    "brand": "Coles",
    "description": "Entertaining assortment: chicken skewers, beef sliders, or pork kransky bites",
    "price": "2 for $15.00",
    "originalPrice": null,
    "savings": "$2.00",
    "specialType": "Multi Buy",
    "unitPrice": null
  },
  {
    "productID": "MS-CL013",
    "productName": "Coles RSPCA Approved Chicken Wings Honey & Soy 1kg",
    "category": "Meat, Seafood & Deli",
    "brand": "Coles",
    "description": "Chicken wings honey & soy, 1kg",
    "price": "$9.00",
    "originalPrice": "$10.00",
    "savings": "$1.00",
    "specialType": "Down Down",
    "unitPrice": "$9.00 per kg"
  },
  {
    "productID": "MS-CL014",
    "productName": "Coles Australian No Added Hormones Beef Slow Cook Short Ribs",
    "category": "Meat, Seafood & Deli",
    "brand": "Coles",
    "description": "Beef slow cook short ribs",
    "price": "$17.00 kg",
    "originalPrice": "$18.00 kg",
    "savings": "$1.00 kg",
    "specialType": "Down Down",
    "unitPrice": "$17.00 per kg"
  },
  {
    "productID": "MS-CL015",
    "productName": "Coles Finest Italian Style Sausages 1kg",
    "category": "Meat, Seafood & Deli",
    "brand": "Coles Finest",
    "description": "Italian style sausages, 1kg",
    "price": "$14.00",
    "originalPrice": null,
    "savings": null,
    "specialType": "Everyday Price",
    "unitPrice": "$14.00 per kg"
  },
  {
    "productID": "MS-CL016",
    "productName": "Coles Australian No Added Hormones Beef Scotch Fillet Thin Sliced Steak 400g",
    "category": "Meat, Seafood & Deli",
    "brand": "Coles",
    "description": "Beef scotch fillet thin sliced steak, 400g",
    "price": "$17.50",
    "originalPrice": "$21.00",
    "savings": "$3.50",
    "specialType": "Price Drop",
    "unitPrice": "$43.75 per kg"
  },
  {
    "productID": "MS-CL017",
    "productName": "Coles Sliced Crunchy Jalapenos 500g",
    "category": "Meat, Seafood & Deli",
    "brand": "Coles",
    "description": "Sliced crunchy jalapenos, 500g",
    "price": "$3.00",
    "originalPrice": null,
    "savings": null,
    "specialType": "Every Day",
    "unitPrice": "$6.00 per kg"
  },
  {
    "productID": "MS-CL018",
    "productName": "Coles Street Tortilla Wraps 10 Pack 280g",
    "category": "Meat, Seafood & Deli",
    "brand": "Coles",
    "description": "Street tortilla wraps, 10 pack, 280g",
    "price": "$3.50",
    "originalPrice": null,
    "savings": null,
    "specialType": "Every Day",
    "unitPrice": "$1.25 per 100g"
  },
  {
    "productID": "MS-PM001",
    "productName": "Plumrose Leg Ham 450g",
    "category": "Meat, Seafood & Deli",
    "brand": "Plumrose",
    "description": "Leg ham, 450g",
    "price": "$7.00",
    "originalPrice": "$14.00",
    "savings": "$7.00",
    "specialType": "Half Price",
    "unitPrice": "$15.56 per kg"
  },
  {
    "productID": "MS-PR001",
    "productName": "Primo Cabanossi",
    "category": "Meat, Seafood & Deli",
    "brand": "Primo",
    "description": "Cabanossi",
    "price": "$2.50",
    "originalPrice": "$3.00",
    "savings": "$0.50",
    "specialType": "Price Drop",
    "unitPrice": "$2.50 per each"
  },
  {
    "productID": "MS-PR002",
    "productName": "Primo Cocktail Frankfurts",
    "category": "Meat, Seafood & Deli",
    "brand": "Primo",
    "description": "Cocktail frankfurts",
    "price": "$8.00 kg",
    "originalPrice": "$9.50 kg",
    "savings": "$1.50 kg",
    "specialType": "Price Drop",
    "unitPrice": "80Â¢ per 100g"
  },
  {
    "productID": "MS-PR003",
    "productName": "Primo Middle Bacon",
    "category": "Meat, Seafood & Deli",
    "brand": "Primo",
    "description": "Middle bacon",
    "price": "$14.50 kg",
    "originalPrice": "$19.00 kg",
    "savings": "$4.50 kg",
    "specialType": "Price Drop",
    "unitPrice": "$1.45 per 100g"
  },
  {
    "productID": "MS-TB001",
    "productName": "Tibaldi Ham off the Bone 120g",
    "category": "Meat, Seafood & Deli",
    "brand": "Tibaldi",
    "description": "Ham off the bone, 120g",
    "price": "$4.50",
    "originalPrice": "$5.50",
    "savings": "$1.00",
    "specialType": "Down Down",
    "unitPrice": "$37.50 per kg"
  },
  {
    "productID": "MS-PR004",
    "productName": "Primo Premium Melosi Smokehouse Ham",
    "category": "Meat, Seafood & Deli",
    "brand": "Primo",
    "description": "Premium Melosi smokehouse ham",
    "price": "$28.00 kg",
    "originalPrice": "$34.00 kg",
    "savings": "$6.00 kg",
    "specialType": "Down Down",
    "unitPrice": "$2.80 per 100g"
  },
  {
    "productID": "MS-CL019",
    "productName": "Coles Australian Pork Ham Off The Bone Sliced 500g",
    "category": "Meat, Seafood & Deli",
    "brand": "Coles",
    "description": "Australian pork ham off the bone sliced, 500g",
    "price": "$11.00",
    "originalPrice": "$12.50",
    "savings": "$1.50",
    "specialType": "Down Down",
    "unitPrice": "$22.00 per kg"
  },
  {
    "productID": "MS-CL020",
    "productName": "Coles Australian Pork Forequarter Cutlets 800g",
    "category": "Meat, Seafood & Deli",
    "brand": "Coles",
    "description": "Australian pork forequarter cutlets, 800g",
    "price": "$10.50",
    "originalPrice": "$12.50",
    "savings": "$2.00",
    "specialType": "Down Down",
    "unitPrice": "$13.13 per kg"
  },
  {
    "productID": "MS-CL021",
    "productName": "Coles Made Easy Slow Cooked Lamb Shoulder in Garlic Sauce 550g",
    "category": "Meat, Seafood & Deli",
    "brand": "Coles",
    "description": "Slow cooked lamb shoulder in garlic sauce, 550g",
    "price": "$14.50",
    "originalPrice": "$16.50",
    "savings": "$2.00",
    "specialType": "Down Down",
    "unitPrice": "$26.36 per kg"
  },
  {
    "productID": "MS-JW001",
    "productName": "John West Tuna 95g",
    "category": "Meat, Seafood & Deli",
    "brand": "John West",
    "description": "Tuna, 95g",
    "price": "$1.45",
    "originalPrice": "$2.90",
    "savings": "$1.45",
    "specialType": "Half Price",
    "unitPrice": "$15.26 per kg"
  },
  {
    "productID": "MS-IJ001",
    "productName": "I&J Frozen Salmon Skin On or Skin Off 500g",
    "category": "Meat, Seafood & Deli",
    "brand": "I&J",
    "description": "Frozen salmon skin on or off, 500g",
    "price": "$20.00 kg",
    "originalPrice": "$26.00 kg",
    "savings": "$6.00 kg",
    "specialType": "Down Down",
    "unitPrice": "$40.00 per kg"
  },
  {
    "productID": "MS-TS001",
    "productName": "Tassal Smoked Salmon 150g",
    "category": "Meat, Seafood & Deli",
    "brand": "Tassal",
    "description": "Smoked salmon, 150g",
    "price": "$11.00",
    "originalPrice": "$15.00",
    "savings": "$4.00",
    "specialType": "Price Drop",
    "unitPrice": "$73.33 per kg"
  },
  {
    "productID": "MS-HN001",
    "productName": "Hans Twiggy Sticks 500g",
    "category": "Meat, Seafood & Deli",
    "brand": "Hans",
    "description": "Twiggy sticks, 500g",
    "price": "$11.00",
    "originalPrice": "$16.00",
    "savings": "$5.00",
    "specialType": "Down Down",
    "unitPrice": "$22.00 per kg"
  },
  {
    "productID": "MS-MV001",
    "productName": "Mersey Valley Cheese 235g",
    "category": "Meat, Seafood & Deli",
    "brand": "Mersey Valley",
    "description": "Cheese, 235g",
    "price": "$6.90",
    "originalPrice": "$9.90",
    "savings": "$3.00",
    "specialType": "Price Drop",
    "unitPrice": "$29.36 per kg"
  },
  {
    "productID": "MS-CS001",
    "productName": "Castello Half Moon Cheese 150g",
    "category": "Meat, Seafood & Deli",
    "brand": "Castello",
    "description": "Half moon cheese, 150g",
    "price": "$7.20",
    "originalPrice": "$8.50",
    "savings": "$1.30",
    "specialType": "Price Drop",
    "unitPrice": "$48.00 per kg"
  },
  {
    "productID": "MS-PR005",
    "productName": "Primo High Protein Stackers 55g",
    "category": "Meat, Seafood & Deli",
    "brand": "Primo",
    "description": "High protein stackers, 55g",
    "price": "$3.50",
    "originalPrice": "$4.50",
    "savings": "$1.00",
    "specialType": "Price Drop",
    "unitPrice": "$6.36 per 100g"
  },
  {
    "productID": "PA-SM001",
    "productName": "Smith's Crinkle Cut Potato Chips 150g-170g",
    "category": "Pantry",
    "brand": "Smith's",
    "description": "Crinkle cut potato chips",
    "price": "$2.50",
    "originalPrice": "$5.00",
    "savings": "$2.50",
    "specialType": "Half Price"
  },
  {
    "productID": "PA-CE001",
    "productName": "Cobram Estate Olive Oil 750mL",
    "category": "Pantry",
    "brand": "Cobram Estate",
    "description": "Olive oil, 750mL",
    "price": "$12.50",
    "originalPrice": "$25.00",
    "savings": "$12.50",
    "specialType": "Half Price",
    "unitPrice": "$1.67 per 100mL"
  },
  {
    "productID": "PA-SG001",
    "productName": "Sungold Basmati Rice 5kg",
    "category": "Pantry",
    "brand": "Sungold",
    "description": "Basmati rice, 5kg",
    "price": "$15.00",
    "originalPrice": "$30.00",
    "savings": "$15.00",
    "specialType": "Half Price",
    "unitPrice": "$0.30 per 100g"
  },
  {
    "productID": "PA-GS001",
    "productName": "Gold Sunset Vegetable or Canola Oil 4 Litre",
    "category": "Pantry",
    "brand": "Gold Sunset",
    "description": "Vegetable or canola oil, 4 litre",
    "price": "$15.00",
    "originalPrice": "$30.00",
    "savings": "$15.00",
    "specialType": "Half Price",
    "unitPrice": "$0.38 per 100mL"
  },
  {
    "productID": "PA-VT001",
    "productName": "Vittoria Freeze Dried Instant Coffee 400g",
    "category": "Pantry",
    "brand": "Vittoria",
    "description": "Freeze dried instant coffee, 400g",
    "price": "$19.50",
    "originalPrice": "$39.00",
    "savings": "$19.50",
    "specialType": "Half Price",
    "unitPrice": "$4.88 per 100g"
  },
  {
    "productID": "PA-SM002",
    "productName": "Smith's Crackers 160g",
    "category": "Pantry",
    "brand": "Smith's",
    "description": "Crackers, 160g",
    "price": "$2.00",
    "originalPrice": "$4.00",
    "savings": "$2.00",
    "specialType": "Half Price",
    "unitPrice": "$1.25 per 100g"
  },
  {
    "productID": "PA-IF001",
    "productName": "Infuzions Veggie or Prawn Crackers 90g",
    "category": "Pantry",
    "brand": "Infuzions",
    "description": "Veggie or prawn crackers, 90g",
    "price": "$2.25",
    "originalPrice": "$4.50",
    "savings": "$2.25",
    "specialType": "Half Price",
    "unitPrice": "$2.50 per 100g"
  },
  {
    "productID": "PA-VC001",
    "productName": "Vege Chips 100g or Rice Crackers 75g",
    "category": "Pantry",
    "brand": null,
    "description": "Vege chips or rice crackers",
    "price": "$2.45",
    "originalPrice": "$4.90",
    "savings": "$2.45",
    "specialType": "Half Price"
  },
  {
    "productID": "PA-RR001",
    "productName": "Red Rock Deli Gourmet or Deli Style Crackers 130g-135g",
    "category": "Pantry",
    "brand": "Red Rock Deli",
    "description": "Gourmet or deli style crackers, 130g-135g",
    "price": "$2.50",
    "originalPrice": "$5.00",
    "savings": "$2.50",
    "specialType": "Half Price"
  },
  {
    "productID": "PA-CC001",
    "productName": "CC's Corn Chips 175g",
    "category": "Pantry",
    "brand": "CC's",
    "description": "Corn chips, 175g",
    "price": "$2.50",
    "originalPrice": "$5.00",
    "savings": "$2.50",
    "specialType": "Half Price",
    "unitPrice": "$1.43 per 100g"
  },
  {
    "productID": "PA-TW001",
    "productName": "Twisties or Cheetos Minis 90g-115g",
    "category": "Pantry",
    "brand": "Twisties/Cheetos",
    "description": "Twisties or Cheetos Minis, 90g-115g",
    "price": "$2.75",
    "originalPrice": "$5.50",
    "savings": "$2.75",
    "specialType": "Half Price"
  },
  {
    "productID": "PA-QS002",
    "productName": "Quest Tortilla Style Protein Chips 32g",
    "category": "Pantry",
    "brand": "Quest",
    "description": "Tortilla style protein chips, 32g",
    "price": "$3.25",
    "originalPrice": "$6.50",
    "savings": "$3.25",
    "specialType": "Half Price",
    "unitPrice": "$10.16 per 100g"
  },
  {
    "productID": "PA-KL001",
    "productName": "Kellogg's All Bran Cereal 530g",
    "category": "Pantry",
    "brand": "Kellogg's",
    "description": "All Bran cereal, 530g",
    "price": "$4.00",
    "originalPrice": "$8.00",
    "savings": "$4.00",
    "specialType": "Half Price",
    "unitPrice": "$0.75 per 100g"
  },
  {
    "productID": "PA-JR001",
    "productName": "Jarrah Latte Instant Coffee 250g",
    "category": "Pantry",
    "brand": "Jarrah",
    "description": "Latte instant coffee, 250g",
    "price": "$4.25",
    "originalPrice": "$8.50",
    "savings": "$4.25",
    "specialType": "Half Price",
    "unitPrice": "$1.70 per 100g"
  },
  {
    "productID": "PA-TW002",
    "productName": "Twinings Tea Bags 80 Pack-100 Pack",
    "category": "Pantry",
    "brand": "Twinings",
    "description": "Tea bags, 80-100 pack",
    "price": "$6.75",
    "originalPrice": "$13.50",
    "savings": "$6.75",
    "specialType": "Half Price"
  },
  {
    "productID": "PA-CP001",
    "productName": "Capsicana Mexican Style Seasoning Mix 28g",
    "category": "Pantry",
    "brand": "Capsicana",
    "description": "Mexican style seasoning mix, 28g",
    "price": "$2.50",
    "originalPrice": "$3.00",
    "savings": "$0.50",
    "specialType": "Down Down",
    "unitPrice": "$8.93 per 100g"
  },
  {
    "productID": "PA-BG001",
    "productName": "Bega Smooth or Crunchy Peanut Butter 375g",
    "category": "Pantry",
    "brand": "Bega",
    "description": "Smooth or crunchy peanut butter, 375g",
    "price": "$4.90",
    "originalPrice": "$5.80",
    "savings": "$0.90",
    "specialType": "Down Down",
    "unitPrice": "$1.31 per 100g"
  },
  {
    "productID": "PA-LB001",
    "productName": "Lotus Biscoff Spread 700g-720g",
    "category": "Pantry",
    "brand": "Lotus",
    "description": "Biscoff spread, 700g-720g",
    "price": "$10.00",
    "originalPrice": "$12.00",
    "savings": "$2.00",
    "specialType": "Down Down"
  },
  {
    "productID": "PA-ST001",
    "productName": "Starbucks by Nespresso Coffee Capsules 36 Pack",
    "category": "Pantry",
    "brand": "Starbucks",
    "description": "Coffee capsules by Nespresso, 36 pack",
    "price": "$23.00",
    "originalPrice": "$26.00",
    "savings": "$3.00",
    "specialType": "Down Down",
    "unitPrice": "$0.64 per each"
  },
  {
    "productID": "PA-SS001",
    "productName": "Sunsol Natural Muesli 500g",
    "category": "Pantry",
    "brand": "Sunsol",
    "description": "Natural muesli, 500g",
    "price": "$6.00",
    "originalPrice": "$8.00",
    "savings": "$2.00",
    "specialType": "Down Down",
    "unitPrice": "$1.20 per 100g"
  },
  {
    "productID": "PA-SX001",
    "productName": "Saxa Natural Sea Salt Flakes 200g",
    "category": "Pantry",
    "brand": "Saxa",
    "description": "Natural sea salt flakes, 200g",
    "price": "$7.00",
    "originalPrice": "$9.50",
    "savings": "$2.50",
    "specialType": "Down Down",
    "unitPrice": "$0.35 per 10g"
  }
]