[
  {
    "productID": "COL001",
    "productName": "Cadbury Sharepack or Mars Chocolate Fun Size",
    "category": "Liquor",
    "brand": "Cadbury / Mars",
    "description": "120g-180g or 132g-192g",
    "price": "$3.50",
    "originalPrice": "$7.00",
    "savings": "$3.50",
    "specialType": "Half Price Specials"
  },
  {
    "productID": "COL002",
    "productName": "Nestlé Chocolate Fun Size or Kinder Chocolate 16 Treat Share Bag",
    "category": "Liquor",
    "brand": "Nestlé / Kinder",
    "description": "127g-158g or 200g",
    "price": "$3.75",
    "originalPrice": "$7.50",
    "savings": "$3.75",
    "specialType": "Half Price Specials"
  },
  {
    "productID": "COL003",
    "productName": "Arnott's Shapes Crackers",
    "category": "Pantry",
    "brand": "Arnott's",
    "description": "130g-190g",
    "price": "$2.00",
    "originalPrice": "$4.00",
    "savings": "$2.00",
    "specialType": "Half Price Specials"
  },
  {
    "productID": "COL004",
    "productName": "Smith's Crinkle Cut or Double Crunch Potato Chips",
    "category": "Pantry",
    "brand": "Smith's",
    "description": "150g-170g",
    "price": "$2.50",
    "originalPrice": "$5.00",
    "savings": "$2.50",
    "specialType": "Half Price Specials"
  },
  {
    "productID": "COL005",
    "productName": "Pepsi or Solo Soft Drink",
    "category": "Drinks",
    "brand": "Pepsi / Solo",
    "description": "10x375mL, $2.53 per litre",
    "price": "$9.50",
    "originalPrice": "$19.00",
    "savings": "$9.50",
    "specialType": "Half Price Specials"
  },
  {
    "productID": "COL006",
    "productName": "Moro Olive Oil",
    "category": "Pantry",
    "brand": "Moro",
    "description": "1 Litre, $1.35 per 100mL",
    "price": "$13.50",
    "originalPrice": "$27.00",
    "savings": "$13.50",
    "specialType": "Half Price Specials"
  },
  {
    "productID": "COL007",
    "productName": "John West Tuna",
    "category": "Pantry",
    "brand": "John West",
    "description": "95g, $15.26 per kg",
    "price": "$1.45",
    "originalPrice": "$2.90",
    "savings": "$1.45",
    "specialType": "Half Price Specials"
  },
  {
    "productID": "COL008",
    "productName": "Cadbury Chocolate Bar",
    "category": "Liquor",
    "brand": "Cadbury",
    "description": "30g-55g",
    "price": "$1.50",
    "originalPrice": "$3.00",
    "savings": "$1.50",
    "specialType": "Half Price Specials"
  },
  {
    "productID": "COL009",
    "productName": "Bulla Frozen Dessert Sticks",
    "category": "Frozen",
    "brand": "Bulla",
    "description": "8 Pack-14 Pack 472mL-750mL",
    "price": "$5.00",
    "originalPrice": "$10.00",
    "savings": "$5.00",
    "specialType": "Half Price Specials"
  },
  {
    "productID": "COL010",
    "productName": "Coca-Cola, Fanta or Sprite Soft Drink",
    "category": "Drinks",
    "brand": "Coca-Cola",
    "description": "6x250mL, $3.33 per litre",
    "price": "$5.00",
    "originalPrice": "$10.00",
    "savings": "$5.00",
    "specialType": "Half Price Specials"
  },
  {
    "productID": "COL011",
    "productName": "Morning Fresh Dishwashing Liquid",
    "category": "Household",
    "brand": "Morning Fresh",
    "description": "900mL, $0.56 per 100mL",
    "price": "$5.00",
    "originalPrice": "$10.00",
    "savings": "$5.00",
    "specialType": "Half Price Specials"
  },
  {
    "productID": "COL012",
    "productName": "BabyLove Bulk Nappy Pants",
    "category": "Baby",
    "brand": "BabyLove",
    "description": "22 Pack-28 Pack",
    "price": "$10.00",
    "originalPrice": "$20.00",
    "savings": "$10.00",
    "specialType": "Half Price Specials"
  },
  {
    "productID": "COL013",
    "productName": "Coles Mediterranean Olives",
    "category": "Deli",
    "brand": "Coles",
    "description": "per kg, $1.25 per 100g",
    "price": "$12.50",
    "originalPrice": "$25.00",
    "savings": "$12.50",
    "specialType": "Half Price Specials"
  },
  {
    "productID": "COL014",
    "productName": "MasterFoods Squeeze Tomato or Barbecue Sauce",
    "category": "Pantry",
    "brand": "MasterFoods",
    "description": "475mL-500mL",
    "price": "$2.10",
    "originalPrice": "$4.20",
    "savings": "$2.10",
    "specialType": "Half Price Specials"
  },
  {
    "productID": "COL015",
    "productName": "ATP Science Collagen Bar",
    "category": "Healthy Living",
    "brand": "ATP Science",
    "description": "45g-60g",
    "price": "$2.50",
    "originalPrice": "$5.00",
    "savings": "$2.50",
    "specialType": "Half Price Specials"
  },
  {
    "productID": "COL016",
    "productName": "Lipton Black Tea Bags",
    "category": "Drinks",
    "brand": "Lipton",
    "description": "100 Pack, $0.04 per each",
    "price": "$3.50",
    "originalPrice": "$7.00",
    "savings": "$3.50",
    "specialType": "Half Price Specials"
  },
  {
    "productID": "COL017",
    "productName": "Moccona Barista Reserve Coffee Capsules",
    "category": "Drinks",
    "brand": "Moccona",
    "description": "10 Pack, $0.36 per each",
    "price": "$3.60",
    "originalPrice": "$7.20",
    "savings": "$3.60",
    "specialType": "Half Price Specials"
  },
  {
    "productID": "COL018",
    "productName": "Moccona Café Classics Coffee Sachets",
    "category": "Drinks",
    "brand": "Moccona",
    "description": "10 Pack, $0.40 per each",
    "price": "$3.95",
    "originalPrice": "$7.90",
    "savings": "$3.95",
    "specialType": "Half Price Specials"
  },
  {
    "productID": "COL019",
    "productName": "Twinings Live Well Tea Bags",
    "category": "Drinks",
    "brand": "Twinings",
    "description": "18 Pack-22 Pack",
    "price": "$4.25",
    "originalPrice": "$8.50",
    "savings": "$4.25",
    "specialType": "Half Price Specials"
  },
  {
    "productID": "COL020",
    "productName": "Old El Paso Hard 'N Soft Taco Kit",
    "category": "Pantry",
    "brand": "Old El Paso",
    "description": "350g, $1.36 per 100g",
    "price": "$4.75",
    "originalPrice": "$9.50",
    "savings": "$4.75",
    "specialType": "Half Price Specials"
  },
  {
    "productID": "COL021",
    "productName": "Nescafé Espresso Coffee Concentrate",
    "category": "Drinks",
    "brand": "Nescafé",
    "description": "500mL, $1.10 per 100mL",
    "price": "$5.50",
    "originalPrice": "$11.00",
    "savings": "$5.50",
    "specialType": "Half Price Specials"
  },
  {
    "productID": "COL022",
    "productName": "Sungold Basmati Rice",
    "category": "Pantry",
    "brand": "Sungold",
    "description": "5kg, $0.24 per 100g",
    "price": "$12.00",
    "originalPrice": "$30.00",
    "savings": "$18.00",
    "specialType": "Half Price Specials"
  },
  {
    "productID": "COL023",
    "productName": "Garnier Pure Active 3 in 1 Charcoal Wash",
    "category": "Health & Beauty",
    "brand": "Garnier",
    "description": "150mL, $4.50 per 100mL",
    "price": "$6.75",
    "originalPrice": "$13.50",
    "savings": "$6.75",
    "specialType": "Half Price Specials"
  },
  {
    "productID": "COL024",
    "productName": "Garnier Fructis Shampoo or Conditioner",
    "category": "Health & Beauty",
    "brand": "Garnier",
    "description": "850mL, $1.00 per 100mL",
    "price": "$8.50",
    "originalPrice": "$17.00",
    "savings": "$8.50",
    "specialType": "Half Price Specials"
  },
  {
    "productID": "COL025",
    "productName": "Garnier Micellar Cleansing Water",
    "category": "Health & Beauty",
    "brand": "Garnier",
    "description": "700mL, $1.79 per 100mL",
    "price": "$12.50",
    "originalPrice": "$25.00",
    "savings": "$12.50",
    "specialType": "Half Price Specials"
  },
  {
    "productID": "COL026",
    "productName": "Colgate Advanced Whitening & Tartar or Max Fresh Toothpaste",
    "category": "Health & Beauty",
    "brand": "Colgate",
    "description": "115g, $2.83 per 100g",
    "price": "$3.25",
    "originalPrice": "$6.50",
    "savings": "$3.25",
    "specialType": "Half Price Specials"
  },
  {
    "productID": "COL027",
    "productName": "Colgate 360 Degree Soft or Medium Toothbrush",
    "category": "Health & Beauty",
    "brand": "Colgate",
    "description": "2 Pack, $2.00 per each",
    "price": "$4.00",
    "originalPrice": "$8.00",
    "savings": "$4.00",
    "specialType": "Half Price Specials"
  },
  {
    "productID": "COL028",
    "productName": "Colgate Plax Freshmint or Peppermint Mouthwash",
    "category": "Health & Beauty",
    "brand": "Colgate",
    "description": "500mL, $0.70 per 100mL",
    "price": "$3.50",
    "originalPrice": "$7.00",
    "savings": "$3.50",
    "specialType": "Half Price Specials"
  },
  {
    "productID": "COL029",
    "productName": "Palmolive Liquid Hand Wash Refill",
    "category": "Household",
    "brand": "Palmolive",
    "description": "1 Litre, $0.38 per 100mL",
    "price": "$3.75",
    "originalPrice": "$7.50",
    "savings": "$3.75",
    "specialType": "Half Price Specials"
  },
  {
    "productID": "COL030",
    "productName": "Colgate Sensitive Pro Relief Whitening or Multi Protection Toothpaste",
    "category": "Health & Beauty",
    "brand": "Colgate",
    "description": "110g, $5.00 per 100g",
    "price": "$5.50",
    "originalPrice": "$11.00",
    "savings": "$5.50",
    "specialType": "Half Price Specials"
  },
  {
    "productID": "COL031",
    "productName": "Swisse Ultiboost Iron Tablets",
    "category": "Health & Beauty",
    "brand": "Swisse",
    "description": "30 Pack, $25.00 per 100 each",
    "price": "$7.50",
    "originalPrice": "$15.00",
    "savings": "$7.50",
    "specialType": "Half Price Specials"
  },
  {
    "productID": "COL032",
    "productName": "Swisse Ultiboost Liver Detox Tablets",
    "category": "Health & Beauty",
    "brand": "Swisse",
    "description": "60 Pack, $20.83 per 100 each",
    "price": "$12.50",
    "originalPrice": "$25.00",
    "savings": "$12.50",
    "specialType": "Half Price Specials"
  },
  {
    "productID": "COL033",
    "productName": "Swisse Ultiboost Zinc+ Tablets",
    "category": "Health & Beauty",
    "brand": "Swisse",
    "description": "120 Pack, $12.29 per 100 each",
    "price": "$14.75",
    "originalPrice": "$29.50",
    "savings": "$14.75",
    "specialType": "Half Price Specials"
  },
  {
    "productID": "COL034",
    "productName": "Swisse Ultiboost Magnesium, Calcium + D3 Tablets",
    "category": "Health & Beauty",
    "brand": "Swisse",
    "description": "120 Pack, $12.29 per 100 each",
    "price": "$14.75",
    "originalPrice": "$29.50",
    "savings": "$14.75",
    "specialType": "Half Price Specials"
  },
  {
    "productID": "COL035",
    "productName": "Little Swisse Gummies",
    "category": "Health & Beauty",
    "brand": "Swisse",
    "description": "40 Pack-50 Pack",
    "price": "$14.75",
    "originalPrice": "$29.50",
    "savings": "$14.75",
    "specialType": "Half Price Specials"
  },
  {
    "productID": "COL036",
    "productName": "Swisse Ultiboost Vitamin D Capsules",
    "category": "Health & Beauty",
    "brand": "Swisse",
    "description": "400 Pack, $4.94 per 100 each",
    "price": "$19.75",
    "originalPrice": "$39.50",
    "savings": "$19.75",
    "specialType": "Half Price Specials"
  },
  {
    "productID": "COL037",
    "productName": "Swisse Ultiboost Magnesium Glycinate Tablets",
    "category": "Health & Beauty",
    "brand": "Swisse",
    "description": "120 Pack, $20.63 per 100 each",
    "price": "$24.75",
    "originalPrice": "$49.50",
    "savings": "$24.75",
    "specialType": "Half Price Specials"
  },
  {
    "productID": "COL038",
    "productName": "Swisse Ultiboost Odourless Super Strength Wild Fish Oil Capsules",
    "category": "Health & Beauty",
    "brand": "Swisse",
    "description": "200 Pack, $13.75 per 100 each",
    "price": "$27.50",
    "originalPrice": "$55.00",
    "savings": "$27.50",
    "specialType": "Half Price Specials"
  },
  {
    "productID": "COL039",
    "productName": "Henry Blooms Belly Me Shot",
    "category": "Health & Beauty",
    "brand": "Henry Blooms",
    "description": "60mL, $40.83 per litre",
    "price": "$2.45",
    "originalPrice": "$4.90",
    "savings": "$2.45",
    "specialType": "Half Price Specials"
  },
  {
    "productID": "COL040",
    "productName": "Coco Earth Liquid",
    "category": "Health & Beauty",
    "brand": "Coco Earth",
    "description": "55mL-110mL",
    "price": "$14.50",
    "originalPrice": "$29.00",
    "savings": "$14.50",
    "specialType": "Half Price Specials"
  },
  {
    "productID": "COL041",
    "productName": "Vitaceuticals MagZorb Magnesium Glycinate Capsules",
    "category": "Health & Beauty",
    "brand": "Vitaceuticals",
    "description": "100 Pack, $16.50 per 100 each",
    "price": "$16.50",
    "originalPrice": "$33.00",
    "savings": "$16.50",
    "specialType": "Half Price Specials"
  },
  {
    "productID": "COL042",
    "productName": "Life Botanics Vitality Greens Powder or Pure Collagen Peptides Powder",
    "category": "Health & Beauty",
    "brand": "Life Botanics",
    "description": "450g or 300g",
    "price": "$25.00",
    "originalPrice": "$50.00",
    "savings": "$25.00",
    "specialType": "Half Price Specials"
  },
  {
    "productID": "COL043",
    "productName": "Nivea Antiperspirant Aerosol Deodorant",
    "category": "Health & Beauty",
    "brand": "Nivea",
    "description": "250mL, $1.90 per 100mL",
    "price": "$4.75",
    "originalPrice": "$9.50",
    "savings": "$4.75",
    "specialType": "Half Price Specials"
  },
  {
    "productID": "COL044",
    "productName": "Schwarzkopf Extra Care Shampoo or Conditioner",
    "category": "Health & Beauty",
    "brand": "Schwarzkopf",
    "description": "400mL, $1.25 per 100mL",
    "price": "$5.00",
    "originalPrice": "$10.00",
    "savings": "$5.00",
    "specialType": "Half Price Specials"
  },
  {
    "productID": "COL045",
    "productName": "Hask Shampoo or Conditioner",
    "category": "Health & Beauty",
    "brand": "Hask",
    "description": "355mL, $2.39 per 100mL",
    "price": "$8.50",
    "originalPrice": "$17.00",
    "savings": "$8.50",
    "specialType": "Half Price Specials"
  },
  {
    "productID": "COL046",
    "productName": "Ogx Extra Strength Shampoo or Conditioner",
    "category": "Health & Beauty",
    "brand": "Ogx",
    "description": "385mL, $3.25 per 100mL",
    "price": "$12.50",
    "originalPrice": "$25.00",
    "savings": "$12.50",
    "specialType": "Half Price Specials"
  },
  {
    "productID": "COL047",
    "productName": "L'Oréal Revitalift Anti Wrinkle Night Cream",
    "category": "Health & Beauty",
    "brand": "L'Oréal",
    "description": "50mL, $40.00 per 100mL",
    "price": "$20.00",
    "originalPrice": "$40.00",
    "savings": "$20.00",
    "specialType": "Half Price Specials"
  },
  {
    "productID": "COL048",
    "productName": "Oral B Pro 300 Precision Clean Electric Toothbrush",
    "category": "Health & Beauty",
    "brand": "Oral B",
    "description": "Black or Mint 1 Pack, $45.00 per each",
    "price": "$45.00",
    "originalPrice": "$90.00",
    "savings": "$45.00",
    "specialType": "Half Price Specials"
  },
  {
    "productID": "COL049",
    "productName": "Gillette Labs Men's Razor Kit with 2 Refill Blades",
    "category": "Health & Beauty",
    "brand": "Gillette",
    "description": "1 Pack, $22.50 per each",
    "price": "$22.50",
    "originalPrice": "$45.00",
    "savings": "$22.50",
    "specialType": "Half Price Specials"
  },
  {
    "productID": "COL050",
    "productName": "Domestos Power Foam Cleaner",
    "category": "Household",
    "brand": "Domestos",
    "description": "450mL, $0.77 per 100mL",
    "price": "$3.45",
    "originalPrice": "$6.90",
    "savings": "$3.45",
    "specialType": "Half Price Specials"
  },
  {
    "productID": "COL051",
    "productName": "White King Toilet Gel",
    "category": "Household",
    "brand": "White King",
    "description": "700mL, $0.44 per 100mL",
    "price": "$3.10",
    "originalPrice": "$6.20",
    "savings": "$3.10",
    "specialType": "Half Price Specials"
  },
  {
    "productID": "COL052",
    "productName": "Bref In The Bowl Toilet Cleaner",
    "category": "Household",
    "brand": "Bref",
    "description": "2 Pack 100g, $5.50 per 100mL",
    "price": "$5.50",
    "originalPrice": "$11.00",
    "savings": "$5.50",
    "specialType": "Half Price Specials"
  },
  {
    "productID": "COL053",
    "productName": "Radiant Laundry Liquid or Powder",
    "category": "Household",
    "brand": "Radiant",
    "description": "2 Litre or 2kg",
    "price": "$10.00",
    "originalPrice": "$20.00",
    "savings": "$10.00",
    "specialType": "Half Price Specials"
  },
  {
    "productID": "COL054",
    "productName": "Biozet Attack Plus Laundry Liquid or Powder",
    "category": "Household",
    "brand": "Biozet",
    "description": "2 Litre or 2kg",
    "price": "$13.00",
    "originalPrice": "$26.00",
    "savings": "$13.00",
    "specialType": "Half Price Specials"
  },
  {
    "productID": "COL055",
    "productName": "Vanish NapiSan Oxi Action Gold Stain Remover Powder",
    "category": "Household",
    "brand": "Vanish",
    "description": "2kg, $8.00 per kg",
    "price": "$16.00",
    "originalPrice": "$32.00",
    "savings": "$16.00",
    "specialType": "Half Price Specials"
  },
  {
    "productID": "COL056",
    "productName": "Cuddly Concentrate Fabric Conditioner",
    "category": "Household",
    "brand": "Cuddly",
    "description": "1 Litre, $5.25 per litre",
    "price": "$5.25",
    "originalPrice": "$10.50",
    "savings": "$5.25",
    "specialType": "Half Price Specials"
  },
  {
    "productID": "COL057",
    "productName": "Cold Power Laundry Liquid or Powder",
    "category": "Household",
    "brand": "Cold Power",
    "description": "2 Litre or 2kg",
    "price": "$12.00",
    "originalPrice": "$24.00",
    "savings": "$12.00",
    "specialType": "Half Price Specials"
  },
  {
    "productID": "COL058",
    "productName": "Finish Ultimate Dishwashing Tablets",
    "category": "Household",
    "brand": "Finish",
    "description": "46 Pack, $0.53 per each",
    "price": "$24.50",
    "originalPrice": "$49.00",
    "savings": "$24.50",
    "specialType": "Half Price Specials"
  },
  {
    "productID": "COL059",
    "productName": "Poppin Microwave Popcorn",
    "category": "Pantry",
    "brand": "Poppin",
    "description": "100g, $1.00 per 100g",
    "price": "$1.00",
    "originalPrice": "$2.00",
    "savings": "$1.00",
    "specialType": "Half Price Specials"
  },
  {
    "productID": "COL060",
    "productName": "Cheezels",
    "category": "Pantry",
    "brand": "Cheezels",
    "description": "125g, $1.40 per 100g",
    "price": "$1.75",
    "originalPrice": "$3.50",
    "savings": "$1.75",
    "specialType": "Half Price Specials"
  },
  {
    "productID": "COL061",
    "productName": "Ritz Crackers",
    "category": "Pantry",
    "brand": "Ritz",
    "description": "227g, $0.77 per 100g",
    "price": "$1.75",
    "originalPrice": "$3.50",
    "savings": "$1.75",
    "specialType": "Half Price Specials"
  },
  {
    "productID": "COL062",
    "productName": "Oreo Mini Creme Cookies",
    "category": "Pantry",
    "brand": "Oreo",
    "description": "10 Pack 204g, $1.23 per 100g",
    "price": "$2.50",
    "originalPrice": "$5.00",
    "savings": "$2.50",
    "specialType": "Half Price Specials"
  },
  {
    "productID": "COL063",
    "productName": "CC's Corn Chips",
    "category": "Pantry",
    "brand": "CC's",
    "description": "175g, $1.43 per 100g",
    "price": "$2.50",
    "originalPrice": "$5.00",
    "savings": "$2.50",
    "specialType": "Half Price Specials"
  },
  {
    "productID": "COL064",
    "productName": "Twisties or Grain Waves Minis",
    "category": "Pantry",
    "brand": "Twisties / Grain Waves",
    "description": "115g-150g",
    "price": "$2.75",
    "originalPrice": "$5.50",
    "savings": "$2.75",
    "specialType": "Half Price Specials"
  },
  {
    "productID": "COL065",
    "productName": "Powerade Sports Drink",
    "category": "Drinks",
    "brand": "Powerade",
    "description": "600mL, $3.67 per litre",
    "price": "$2.20",
    "originalPrice": "$4.40",
    "savings": "$2.20",
    "specialType": "Half Price Specials"
  },
  {
    "productID": "COL066",
    "productName": "Schweppes Infused Sparkling Water",
    "category": "Drinks",
    "brand": "Schweppes",
    "description": "10x375mL, $2.53 per litre",
    "price": "$9.50",
    "originalPrice": "$19.00",
    "savings": "$9.50",
    "specialType": "Half Price Specials"
  },
  {
    "productID": "COL067",
    "productName": "Coca-Cola Zero Sugar Soft Drink",
    "category": "Drinks",
    "brand": "Coca-Cola",
    "description": "12x300mL, $2.78 per litre",
    "price": "$10.00",
    "originalPrice": "$20.00",
    "savings": "$10.00",
    "specialType": "Half Price Specials"
  },
  {
    "productID": "COL068",
    "productName": "Toblerone",
    "category": "Liquor",
    "brand": "Toblerone",
    "description": "340g-360g",
    "price": "$10.00",
    "originalPrice": "$20.00",
    "savings": "$10.00",
    "specialType": "Half Price Specials"
  },
  {
    "productID": "COL069",
    "productName": "Lindt Lindor Gift Box",
    "category": "Liquor",
    "brand": "Lindt",
    "description": "232g-235g",
    "price": "$14.00",
    "originalPrice": "$28.00",
    "savings": "$14.00",
    "specialType": "Half Price Specials"
  },
  {
    "productID": "COL070",
    "productName": "Darrell Lea Rocklea Road",
    "category": "Liquor",
    "brand": "Darrell Lea",
    "description": "250g-290g",
    "price": "$9.00",
    "originalPrice": "$18.00",
    "savings": "$9.00",
    "specialType": "Half Price Specials"
  },
  {
    "productID": "COL071",
    "productName": "Cadbury Roses Tin",
    "category": "Liquor",
    "brand": "Cadbury",
    "description": "485g, $3.09 per 100g",
    "price": "$15.00",
    "originalPrice": "$30.00",
    "savings": "$15.00",
    "specialType": "Half Price Specials"
  },
  {
    "productID": "COL072",
    "productName": "Coles Finest Chocolate Turkish Delight or Mint Thins",
    "category": "Liquor",
    "brand": "Coles",
    "description": "135g, $4.07 per 100g",
    "price": "$5.50",
    "originalPrice": null,
    "savings": null,
    "specialType": "Every Day"
  },
  {
    "productID": "COL073",
    "productName": "Monetta Wafers",
    "category": "Pantry",
    "brand": "Monetta",
    "description": "350g, $1.86 per 100g",
    "price": "$6.50",
    "originalPrice": null,
    "savings": null,
    "specialType": "Every Day"
  },
  {
    "productID": "COL074",
    "productName": "Darrell Lea Allsorts",
    "category": "Liquor",
    "brand": "Darrell Lea",
    "description": "600g, $1.58 per 100g",
    "price": "$9.50",
    "originalPrice": "$16.00",
    "savings": "$6.50",
    "specialType": "Half Price Specials"
  },
  {
    "productID": "COL075",
    "productName": "Cadbury Favourites",
    "category": "Liquor",
    "brand": "Cadbury",
    "description": "264g-265g",
    "price": "$7.00",
    "originalPrice": "$14.00",
    "savings": "$7.00",
    "specialType": "Half Price Specials"
  },
  {
    "productID": "COL076",
    "productName": "Cadbury Favourites",
    "category": "Liquor",
    "brand": "Cadbury",
    "description": "470g, $2.55 per 100g",
    "price": "2 for $24.00",
    "originalPrice": null,
    "savings": "$24.00",
    "specialType": "Half Price Specials"
  },
  {
    "productID": "COL077",
    "productName": "Cadbury Freddo Crunchie Sharepack",
    "category": "Liquor",
    "brand": "Cadbury",
    "description": "144g, $2.43 per 100g",
    "price": "$3.50",
    "originalPrice": "$7.00",
    "savings": "$3.50",
    "specialType": "Half Price Specials"
  },
  {
    "productID": "COL078",
    "productName": "Mars Cookie Dough Fun Size",
    "category": "Liquor",
    "brand": "Mars",
    "description": "192g, $1.82 per 100g",
    "price": "$3.50",
    "originalPrice": "$7.00",
    "savings": "$3.50",
    "specialType": "Half Price Specials"
  },
  {
    "productID": "COL079",
    "productName": "Nestlé Kit Kat Cookie Crush Fun Size",
    "category": "Liquor",
    "brand": "Nestlé",
    "description": "154g, $2.44 per 100g",
    "price": "$3.75",
    "originalPrice": "$7.50",
    "savings": "$3.75",
    "specialType": "Half Price Specials"
  },
  {
    "productID": "COL080",
    "productName": "Skittles Fun Size",
    "category": "Liquor",
    "brand": "Skittles",
    "description": "180g, $1.67 per 100g",
    "price": "$3.00",
    "originalPrice": "$6.00",
    "savings": "$3.00",
    "specialType": "Half Price Specials"
  },
  {
    "productID": "COL081",
    "productName": "Cadbury Caramello Koala Sharepack",
    "category": "Liquor",
    "brand": "Cadbury",
    "description": "180g, $1.94 per 100g",
    "price": "$3.50",
    "originalPrice": "$7.00",
    "savings": "$3.50",
    "specialType": "Half Price Specials"
  },
  {
    "productID": "COL082",
    "productName": "Cadbury Freddo Dairy Milk Sharepack",
    "category": "Liquor",
    "brand": "Cadbury",
    "description": "144g, $2.43 per 100g",
    "price": "$3.50",
    "originalPrice": "$7.00",
    "savings": "$3.50",
    "specialType": "Half Price Specials"
  },
  {
    "productID": "COL083",
    "productName": "Haribo Starmix Sharepack",
    "category": "Liquor",
    "brand": "Haribo",
    "description": "200g, $1.50 per 100g",
    "price": "$3.00",
    "originalPrice": "$6.00",
    "savings": "$3.00",
    "specialType": "Half Price Specials"
  },
  {
    "productID": "COL084",
    "productName": "Mars Fun Size",
    "category": "Liquor",
    "brand": "Mars",
    "description": "192g, $1.82 per 100g",
    "price": "$3.50",
    "originalPrice": "$7.00",
    "savings": "$3.50",
    "specialType": "Half Price Specials"
  },
  {
    "productID": "COL085",
    "productName": "Mars Maltesers Fun Size",
    "category": "Liquor",
    "brand": "Mars",
    "description": "132g, $2.65 per 100g",
    "price": "$3.50",
    "originalPrice": "$7.00",
    "savings": "$3.50",
    "specialType": "Half Price Specials"
  },
  {
    "productID": "COL086",
    "productName": "Kinder Chocolate 16 Treat Share Bag",
    "category": "Liquor",
    "brand": "Kinder",
    "description": "200g, $1.88 per 100g",
    "price": "$3.75",
    "originalPrice": "$7.50",
    "savings": "$3.75",
    "specialType": "Half Price Specials"
  },
  {
    "productID": "COL087",
    "productName": "Nestlé Kit Kat Fun Size",
    "category": "Liquor",
    "brand": "Nestlé",
    "description": "154g, $2.44 per 100g",
    "price": "$3.75",
    "originalPrice": "$7.50",
    "savings": "$3.75",
    "specialType": "Half Price Specials"
  },
  {
    "productID": "COL088",
    "productName": "Nestlé Milky Bar Fun Size",
    "category": "Liquor",
    "brand": "Nestlé",
    "description": "158g, $2.37 per 100g",
    "price": "$3.75",
    "originalPrice": "$7.50",
    "savings": "$3.75",
    "specialType": "Half Price Specials"
  },
  {
    "productID": "COL089",
    "productName": "Australian Raspberries",
    "category": "Fruit & Vegetables",
    "brand": "Coles",
    "description": "125g Punnet, $40.00 per kg",
    "price": "$5.00",
    "originalPrice": null,
    "savings": null,
    "specialType": "Every Day"
  },
  {
    "productID": "COL090",
    "productName": "Gold Kiwifruit",
    "category": "Fruit & Vegetables",
    "brand": "Coles",
    "description": "Single Sell $1.70 each, 4 for $6.00",
    "price": "$1.50",
    "originalPrice": null,
    "savings": null,
    "specialType": "Multi Buy"
  },
  {
    "productID": "COL091",
    "productName": "Coles Australian Organic Pink Lady Apples",
    "category": "Fruit & Vegetables",
    "brand": "Coles",
    "description": "1kg Pack, $7.00 per kg",
    "price": "$7.00",
    "originalPrice": null,
    "savings": null,
    "specialType": "Every Day"
  },
  {
    "productID": "COL092",
    "productName": "Coles Dry Roasted, Honey, Natural or Roasted & Salted Cashews",
    "category": "Pantry",
    "brand": "Coles",
    "description": "400g Pack, $22.50 per kg",
    "price": "$9.00",
    "originalPrice": "$10.00",
    "savings": "$1.00",
    "specialType": "Every Day"
  },
  {
    "productID": "COL093",
    "productName": "Coles Australian Baby Broccoli Bunch",
    "category": "Fruit & Vegetables",
    "brand": "Coles",
    "description": "Single Sell $2.70 each, 2 for $4.00",
    "price": "$2.00",
    "originalPrice": null,
    "savings": null,
    "specialType": "Multi Buy"
  },
  {
    "productID": "COL094",
    "productName": "Coles Australian Carrots",
    "category": "Fruit & Vegetables",
    "brand": "Coles",
    "description": "1kg Bag, $1.70 per kg",
    "price": "$1.70",
    "originalPrice": null,
    "savings": null,
    "specialType": "Every Day"
  },
  {
    "productID": "COL095",
    "productName": "Australian Murcott Mandarins",
    "category": "Fruit & Vegetables",
    "brand": "Coles",
    "description": "per kg, $3.70 per kg",
    "price": "$3.70",
    "originalPrice": null,
    "savings": null,
    "specialType": "Every Day"
  },
  {
    "productID": "COL096",
    "productName": "Coles Australian Red Perino Tomatoes",
    "category": "Fruit & Vegetables",
    "brand": "Coles",
    "description": "200g Pack, $17.50 per kg",
    "price": "$3.50",
    "originalPrice": null,
    "savings": null,
    "specialType": "Every Day"
  },
  {
    "productID": "COL097",
    "productName": "Coles Kitchen Greek Style Salad Kit Big Pack Value",
    "category": "Fruit & Vegetables",
    "brand": "Coles",
    "description": "400g, $17.50 per kg",
    "price": "$7.00",
    "originalPrice": "$8.00",
    "savings": "$1.00",
    "specialType": "Every Day"
  },
  {
    "productID": "COL098",
    "productName": "Coles Water Crackers",
    "category": "Pantry",
    "brand": "Coles",
    "description": "125g, $0.76 per 100g",
    "price": "$0.95",
    "originalPrice": null,
    "savings": null,
    "specialType": "Every Day"
  },
  {
    "productID": "COL099",
    "productName": "Coles Soft Drink or Mixers",
    "category": "Drinks",
    "brand": "Coles",
    "description": "1.25 Litre, $0.92 per litre",
    "price": "$1.15",
    "originalPrice": null,
    "savings": null,
    "specialType": "Every Day"
  },
  {
    "productID": "COL100",
    "productName": "Coles Deli Style Chips",
    "category": "Pantry",
    "brand": "Coles",
    "description": "175g, $1.71 per 100g",
    "price": "$3.00",
    "originalPrice": null,
    "savings": null,
    "specialType": "Every Day"
  },
  {
    "productID": "COL101",
    "productName": "Coles Dip",
    "category": "Deli",
    "brand": "Coles",
    "description": "200g, $1.30 per 100g",
    "price": "$2.60",
    "originalPrice": null,
    "savings": null,
    "specialType": "Every Day"
  },
  {
    "productID": "COL102",
    "productName": "Coles Finest Triple Cream Brie",
    "category": "Dairy, Eggs & Meals",
    "brand": "Coles",
    "description": "200g, $25.00 per kg",
    "price": "$5.00",
    "originalPrice": null,
    "savings": null,
    "specialType": "Every Day"
  },
  {
    "productID": "COL103",
    "productName": "Coles Lightly Sparkling Flavoured Water",
    "category": "Drinks",
    "brand": "Coles",
    "description": "12x500mL, $1.30 per litre",
    "price": "$7.80",
    "originalPrice": null,
    "savings": null,
    "specialType": "Every Day"
  },
  {
    "productID": "COL104",
    "productName": "Coles Bakery French Stick or Baguette",
    "category": "Bread & Bakery",
    "brand": "Coles",
    "description": "Each, $1.90 per each",
    "price": "$1.90",
    "originalPrice": null,
    "savings": null,
    "specialType": "Every Day"
  },
  {
    "productID": "COL105",
    "productName": "Coles Turkish Rolls",
    "category": "Bread & Bakery",
    "brand": "Coles",
    "description": "4 Pack 400g, $0.65 per 100g",
    "price": "$2.60",
    "originalPrice": null,
    "savings": null,
    "specialType": "Every Day"
  },
  {
    "productID": "COL106",
    "productName": "Coles Bakery Rolls",
    "category": "Bread & Bakery",
    "brand": "Coles",
    "description": "6 Pack, $0.50 per each",
    "price": "$3.00",
    "originalPrice": null,
    "savings": null,
    "specialType": "Every Day"
  },
  {
    "productID": "COL107",
    "productName": "Obela Garnished Hommus Dip or Red Rock Deli Dip",
    "category": "Deli",
    "brand": "Obela / Red Rock Deli",
    "description": "220g or 130g-135g",
    "price": "2 for $8.00",
    "originalPrice": null,
    "savings": "$2.00",
    "specialType": "Multi Buy"
  },
  {
    "productID": "COL108",
    "productName": "Black Swan Favourites Dip",
    "category": "Deli",
    "brand": "Black Swan",
    "description": "180g-200g",
    "price": "$3.50",
    "originalPrice": "$4.50",
    "savings": "$1.00",
    "specialType": "Half Price Specials"
  },
  {
    "productID": "COL109",
    "productName": "Coles Pre-Packed Antipasto",
    "category": "Deli",
    "brand": "Coles",
    "description": "110g-135g",
    "price": "2 for $6.50",
    "originalPrice": null,
    "savings": "$1.00",
    "specialType": "Multi Buy"
  },
  {
    "productID": "COL110",
    "productName": "Abe's Bagels",
    "category": "Bread & Bakery",
    "brand": "Abe's",
    "description": "4 Pack 360g, $1.08 per 100g",
    "price": "$3.90",
    "originalPrice": "$5.50",
    "savings": "$1.60",
    "specialType": "Half Price Specials"
  },
  {
    "productID": "COL111",
    "productName": "Tassal Smoked Salmon",
    "category": "Meat, Seafood & Deli",
    "brand": "Tassal",
    "description": "250g, $60.00 per kg",
    "price": "$15.00",
    "originalPrice": "$21.00",
    "savings": "$6.00",
    "specialType": "Half Price Specials"
  },
  {
    "productID": "COL112",
    "productName": "Coles Australian Baby Cucumbers",
    "category": "Fruit & Vegetables",
    "brand": "Coles",
    "description": "250g Pack, $12.00 per kg",
    "price": "$3.00",
    "originalPrice": null,
    "savings": null,
    "specialType": "Every Day"
  },
  {
    "productID": "COL113",
    "productName": "Hans Hungarian Salami",
    "category": "Meat, Seafood & Deli",
    "brand": "Hans",
    "description": "per kg, $2.50 per 100g",
    "price": "$25.00",
    "originalPrice": "$36.00",
    "savings": "$11.00",
    "specialType": "Half Price Specials"
  },
  {
    "productID": "COL114",
    "productName": "Primo Signature Ham Off the Bone",
    "category": "Meat, Seafood & Deli",
    "brand": "Primo",
    "description": "per kg, $2.59 per 100g",
    "price": "$25.90",
    "originalPrice": "$37.00",
    "savings": "$11.10",
    "specialType": "Half Price Specials"
  },
  {
    "productID": "COL115",
    "productName": "Coles Tasmanian Fresh Salmon Skin On Portions",
    "category": "Meat, Seafood & Deli",
    "brand": "Coles",
    "description": "per kg, $30.00 per kg",
    "price": "$30.00",
    "originalPrice": "$44.00",
    "savings": "$14.00",
    "specialType": "Half Price Specials"
  },
  {
    "productID": "COL116",
    "productName": "Coles Hot Roast RSPCA Approved Chicken and Soft Drink Combo",
    "category": "Meat, Seafood & Deli",
    "brand": "Coles",
    "description": "Includes Coca-Cola, Fanta or Sprite 1.25L",
    "price": "$13.50",
    "originalPrice": null,
    "savings": null,
    "specialType": "Half Price Specials"
  },
  {
    "productID": "COL117",
    "productName": "Coles Australian Pork Loin Chops Large Pack",
    "category": "Meat, Seafood & Deli",
    "brand": "Coles",
    "description": "per kg, $16.00 per kg",
    "price": "$16.00",
    "originalPrice": "$19.00",
    "savings": "$3.00",
    "specialType": "Half Price Specials"
  },
  {
    "productID": "COL118",
    "productName": "Cobram Estate Extra Virgin Olive Oil",
    "category": "Pantry",
    "brand": "Cobram Estate",
    "description": "375mL, $2.93 per 100mL",
    "price": "$11.00",
    "originalPrice": "$13.00",
    "savings": "$2.00",
    "specialType": "Half Price Specials"
  },
  {
    "productID": "COL119",
    "productName": "Coles Couscous",
    "category": "Pantry",
    "brand": "Coles",
    "description": "500g, $0.40 per 100g",
    "price": "$2.00",
    "originalPrice": null,
    "savings": null,
    "specialType": "Every Day"
  },
  {
    "productID": "COL120",
    "productName": "Coles Australian No Added Hormones Beef Scotch Fillet Steak",
    "category": "Meat, Seafood & Deli",
    "brand": "Coles",
    "description": "2 Pack 480g, $37.50 per kg",
    "price": "$18.00",
    "originalPrice": "$21.00",
    "savings": "$3.00",
    "specialType": "Half Price Specials"
  },
  {
    "productID": "COL121",
    "productName": "Coles Australian No Added Hormones Beef Stir Fry",
    "category": "Meat, Seafood & Deli",
    "brand": "Coles",
    "description": "500g, $21.00 per kg",
    "price": "$10.50",
    "originalPrice": "$12.00",
    "savings": "$1.50",
    "specialType": "Half Price Specials"
  },
  {
    "productID": "COL122",
    "productName": "Coles Australian Lamb Loin Chops",
    "category": "Meat, Seafood & Deli",
    "brand": "Coles",
    "description": "per kg, $24.00 per kg",
    "price": "$24.00",
    "originalPrice": "$33.00",
    "savings": "$9.00",
    "specialType": "Half Price Specials"
  },
  {
    "productID": "COL123",
    "productName": "Coles Classic Sausages",
    "category": "Meat, Seafood & Deli",
    "brand": "Coles",
    "description": "550g, $9.09 per kg",
    "price": "2 for $10.00",
    "originalPrice": null,
    "savings": "$3.00",
    "specialType": "Multi Buy"
  },
  {
    "productID": "COL124",
    "productName": "Coles Australian Pork Mince 3 Star Regular",
    "category": "Meat, Seafood & Deli",
    "brand": "Coles",
    "description": "500g, $10.00 per kg",
    "price": "$5.00",
    "originalPrice": "$6.00",
    "savings": null,
    "specialType": "Down Down"
  },
  {
    "productID": "COL125",
    "productName": "Coles RSPCA Approved Chicken Breast Diced",
    "category": "Meat, Seafood & Deli",
    "brand": "Coles",
    "description": "500g, $14.00 per kg",
    "price": "$7.00",
    "originalPrice": "$8.00",
    "savings": null,
    "specialType": "Down Down"
  },
  {
    "productID": "COL126",
    "productName": "Coles Made Easy Slow Cooked Pork Ribs in Sticky BBQ Sauce",
    "category": "Meat, Seafood & Deli",
    "brand": "Coles",
    "description": "650g, $19.23 per kg",
    "price": "$12.50",
    "originalPrice": "$14.50",
    "savings": null,
    "specialType": "Down Down"
  },
  {
    "productID": "COL127",
    "productName": "Coles RSPCA Approved Chicken Breast Fillet Value Pack",
    "category": "Meat, Seafood & Deli",
    "brand": "Coles",
    "description": "per kg, $8.50 per kg",
    "price": "$8.50",
    "originalPrice": null,
    "savings": null,
    "specialType": "Every Day"
  },
  {
    "productID": "COL128",
    "productName": "Coles RSPCA Approved Crumbed Chicken Schnitzel",
    "category": "Meat, Seafood & Deli",
    "brand": "Coles",
    "description": "Each, $1.50 per each",
    "price": "$1.50",
    "originalPrice": "$3.00",
    "savings": "$1.50",
    "specialType": "Half Price Specials"
  },
  {
    "productID": "COL129",
    "productName": "Primo Rindless Short Cut Bacon",
    "category": "Meat, Seafood & Deli",
    "brand": "Primo",
    "description": "per kg, $1.85 per 100g",
    "price": "$18.50",
    "originalPrice": "$21.00",
    "savings": "$2.50",
    "specialType": "Half Price Specials"
  },
  {
    "productID": "COL130",
    "productName": "Coles Australian Fresh Barramundi Portions Skin On",
    "category": "Meat, Seafood & Deli",
    "brand": "Coles",
    "description": "per kg, $26.00 per kg",
    "price": "$26.00",
    "originalPrice": "$36.00",
    "savings": "$10.00",
    "specialType": "Half Price Specials"
  },
  {
    "productID": "COL131",
    "productName": "Jarlsberg Swiss Sliced Cheese",
    "category": "Dairy, Eggs & Meals",
    "brand": "Jarlsberg",
    "description": "per kg, $3.40 per 100g",
    "price": "$34.00",
    "originalPrice": "$38.00",
    "savings": null,
    "specialType": "Down Down"
  },
  {
    "productID": "COL132",
    "productName": "Primo Cocktail Frankfurts",
    "category": "Meat, Seafood & Deli",
    "brand": "Primo",
    "description": "1kg, $6.90 per kg",
    "price": "$6.90",
    "originalPrice": "$8.00",
    "savings": "$1.10",
    "specialType": "Half Price Specials"
  },
  {
    "productID": "COL133",
    "productName": "Udder Delights Double Cream Brie",
    "category": "Dairy, Eggs & Meals",
    "brand": "Udder Delights",
    "description": "200g, $36.75 per kg",
    "price": "$7.35",
    "originalPrice": "$10.50",
    "savings": "$3.15",
    "specialType": "Half Price Specials"
  },
  {
    "productID": "COL134",
    "productName": "Bertocchi Olive Mortadella",
    "category": "Meat, Seafood & Deli",
    "brand": "Bertocchi",
    "description": "per kg, $1.30 per 100g",
    "price": "$13.00",
    "originalPrice": "$16.50",
    "savings": "$3.50",
    "specialType": "Half Price Specials"
  },
  {
    "productID": "COL135",
    "productName": "Riverview Farms Australian Hot Roast Pork",
    "category": "Meat, Seafood & Deli",
    "brand": "Riverview Farms",
    "description": "Each, $19.50 per each",
    "price": "$19.50",
    "originalPrice": "$23.00",
    "savings": "$3.50",
    "specialType": "Half Price Specials"
  },
  {
    "productID": "COL136",
    "productName": "Cadbury Cake Bars or Mini Rolls",
    "category": "Liquor",
    "brand": "Cadbury",
    "description": "105g-125g",
    "price": "$3.90",
    "originalPrice": "$6.50",
    "savings": "$2.60",
    "specialType": "Half Price Specials"
  },
  {
    "productID": "COL137",
    "productName": "Mission Mini Wraps",
    "category": "Bread & Bakery",
    "brand": "Mission",
    "description": "8 Pack 384g, $1.17 per 100g",
    "price": "$4.50",
    "originalPrice": "$5.50",
    "savings": "$1.00",
    "specialType": "Half Price Specials"
  },
  {
    "productID": "COL138",
    "productName": "Coles Bakery Stone Baked by Laurent Mini Pane di Casa",
    "category": "Bread & Bakery",
    "brand": "Coles",
    "description": "Each, $2.50 per each",
    "price": "$2.50",
    "originalPrice": "$3.25",
    "savings": null,
    "specialType": "Down Down"
  },
  {
    "productID": "COL139",
    "productName": "Coles Bakery Cinnamon Donuts",
    "category": "Bread & Bakery",
    "brand": "Coles",
    "description": "6 Pack, $0.42 per each",
    "price": "$2.50",
    "originalPrice": "$2.80",
    "savings": "$0.30",
    "specialType": "Half Price Specials"
  },
  {
    "productID": "COL140",
    "productName": "Coles Bakery Indulgent Cookies Value Pack",
    "category": "Bread & Bakery",
    "brand": "Coles",
    "description": "12 Pack, $0.46 per each",
    "price": "$5.50",
    "originalPrice": "$6.30",
    "savings": "$0.80",
    "specialType": "Half Price Specials"
  },
  {
    "productID": "COL141",
    "productName": "Coles Bakery Cheesy Vegemite Scroll",
    "category": "Bread & Bakery",
    "brand": "Coles",
    "description": "Each, $2.75 per each",
    "price": "$2.75",
    "originalPrice": "$3.25",
    "savings": "$0.50",
    "specialType": "Half Price Specials"
  },
  {
    "productID": "COL142",
    "productName": "Coles Bakery Stone Baked Ciabatta Loaf",
    "category": "Bread & Bakery",
    "brand": "Coles",
    "description": "Each, $3.50 per each",
    "price": "$3.50",
    "originalPrice": "$4.00",
    "savings": "$0.50",
    "specialType": "Half Price Specials"
  },
  {
    "productID": "COL143",
    "productName": "Coles Bakery Tear & Share",
    "category": "Bread & Bakery",
    "brand": "Coles",
    "description": "Each, $4.00 per each",
    "price": "$4.00",
    "originalPrice": "$5.00",
    "savings": "$1.00",
    "specialType": "Half Price Specials"
  },
  {
    "productID": "COL144",
    "productName": "Coles Croissants",
    "category": "Bread & Bakery",
    "brand": "Coles",
    "description": "12 Pack 900g, $1.22 per 100g",
    "price": "$11.00",
    "originalPrice": "$12.50",
    "savings": null,
    "specialType": "Down Down"
  },
  {
    "productID": "COL145",
    "productName": "Coles Christmas Sprinkle Stars",
    "category": "Stationery & Media",
    "brand": "Coles",
    "description": "156g, $3.21 per 100g",
    "price": "$5.00",
    "originalPrice": null,
    "savings": null,
    "specialType": "Every Day"
  },
  {
    "productID": "COL146",
    "productName": "Coles Finest Jamaican Rum Brown Butter Fruit Mince Pies",
    "category": "Bread & Bakery",
    "brand": "Coles",
    "description": "6 Pack 350g, $2.57 per 100g",
    "price": "$9.00",
    "originalPrice": null,
    "savings": null,
    "specialType": "Every Day"
  },
  {
    "productID": "COL147",
    "productName": "Coles Christmas Toffee, Date & Ginger Pudding",
    "category": "Bread & Bakery",
    "brand": "Coles",
    "description": "500g, $1.60 per 100g",
    "price": "$8.00",
    "originalPrice": null,
    "savings": null,
    "specialType": "Every Day"
  },
  {
    "productID": "COL148",
    "productName": "Adalgisa Mini Classic Panettone",
    "category": "Bread & Bakery",
    "brand": "Adalgisa",
    "description": "100g, $5.00 per 100g",
    "price": "$5.00",
    "originalPrice": null,
    "savings": null,
    "specialType": "Every Day"
  },
  {
    "productID": "COL149",
    "productName": "Adalgisa Classic Panettone",
    "category": "Bread & Bakery",
    "brand": "Adalgisa",
    "description": "900g, $2.22 per 100g",
    "price": "$20.00",
    "originalPrice": null,
    "savings": null,
    "specialType": "Every Day"
  },
  {
    "productID": "COL150",
    "productName": "Red, Gold or Silver Tinsel",
    "category": "Stationery & Media",
    "brand": "Coles",
    "description": "3 Metre",
    "price": "$1.00",
    "originalPrice": null,
    "savings": null,
    "specialType": "Every Day"
  },
  {
    "productID": "COL151",
    "productName": "Candy Cane Tinsel",
    "category": "Stationery & Media",
    "brand": "Coles",
    "description": "5 Metre",
    "price": "$3.00",
    "originalPrice": null,
    "savings": null,
    "specialType": "Every Day"
  },
  {
    "productID": "COL152",
    "productName": "Felt Gingerbread",
    "category": "Stationery & Media",
    "brand": "Coles",
    "description": "3 Pack",
    "price": "$6.00",
    "originalPrice": null,
    "savings": null,
    "specialType": "Every Day"
  },
  {
    "productID": "COL153",
    "productName": "Gold Starburst Tree Topper Light or Whimsical Iridescent Tinsel Ball",
    "category": "Stationery & Media",
    "brand": "Coles",
    "description": "4 Pack",
    "price": "$7.00",
    "originalPrice": null,
    "savings": null,
    "specialType": "Every Day"
  },
  {
    "productID": "COL154",
    "productName": "Star Light Table Decor",
    "category": "Stationery & Media",
    "brand": "Coles",
    "description": "2 Pack",
    "price": "$12.00",
    "originalPrice": null,
    "savings": null,
    "specialType": "Every Day"
  },
  {
    "productID": "COL155",
    "productName": "LED Fairy Light Low Voltage or LED Fairy Lights Solar",
    "category": "Stationery & Media",
    "brand": "Coles",
    "description": "250 Pack",
    "price": "$15.00",
    "originalPrice": null,
    "savings": null,
    "specialType": "Every Day"
  },
  {
    "productID": "COL156",
    "productName": "Striped Baubles",
    "category": "Stationery & Media",
    "brand": "Coles",
    "description": "4 Pack",
    "price": "$5.00",
    "originalPrice": null,
    "savings": null,
    "specialType": "Every Day"
  },
  {
    "productID": "COL157",
    "productName": "Traditional Baubles",
    "category": "Stationery & Media",
    "brand": "Coles",
    "description": "24 Pack",
    "price": "$7.00",
    "originalPrice": null,
    "savings": null,
    "specialType": "Every Day"
  },
  {
    "productID": "COL158",
    "productName": "Traditional Baubles",
    "category": "Stationery & Media",
    "brand": "Coles",
    "description": "12 Pack",
    "price": "$12.00",
    "originalPrice": null,
    "savings": null,
    "specialType": "Every Day"
  },
  {
    "productID": "COL159",
    "productName": "Kirks Soft Drink",
    "category": "Drinks",
    "brand": "Kirks",
    "description": "1.25 Litre, $1.36 per litre",
    "price": "$1.70",
    "originalPrice": "$2.85",
    "savings": "$1.15",
    "specialType": "Half Price Specials"
  },
  {
    "productID": "COL160",
    "productName": "Pepsi or Solo Soft Drink",
    "category": "Drinks",
    "brand": "Pepsi / Solo",
    "description": "1.25 Litre, $1.60 per litre",
    "price": "$2.00",
    "originalPrice": "$3.50",
    "savings": "$1.50",
    "specialType": "Half Price Specials"
  },
  {
    "productID": "COL161",
    "productName": "Lipton Ice Tea",
    "category": "Drinks",
    "brand": "Lipton",
    "description": "1.5 Litre, $2.20 per litre",
    "price": "$3.30",
    "originalPrice": "$5.50",
    "savings": "$2.20",
    "specialType": "Half Price Specials"
  },
  {
    "productID": "COL162",
    "productName": "Mt Franklin Lightly Sparkling Water",
    "category": "Drinks",
    "brand": "Mt Franklin",
    "description": "6x250mL, $4.00 per litre",
    "price": "$6.00",
    "originalPrice": "$10.00",
    "savings": "$4.00",
    "specialType": "Half Price Specials"
  },
  {
    "productID": "COL163",
    "productName": "Kirks Soft Drink",
    "category": "Drinks",
    "brand": "Kirks",
    "description": "10x375mL, $2.40 per litre",
    "price": "$9.00",
    "originalPrice": "$15.00",
    "savings": "$6.00",
    "specialType": "Half Price Specials"
  },
  {
    "productID": "COL164",
    "productName": "Coca-Cola Zero Sugar Soft Drink",
    "category": "Drinks",
    "brand": "Coca-Cola",
    "description": "24x375mL, $2.75 per litre",
    "price": "$24.75",
    "originalPrice": "$41.25",
    "savings": "$16.50",
    "specialType": "Half Price Specials"
  },
  {
    "productID": "COL165",
    "productName": "H2coco Coconut Water",
    "category": "Drinks",
    "brand": "H2coco",
    "description": "1 Litre, $3.00 per litre",
    "price": "$3.00",
    "originalPrice": "$4.00",
    "savings": "$1.00",
    "specialType": "Half Price Specials"
  },
  {
    "productID": "COL166",
    "productName": "Golden Circle Tetra Fruit Drink",
    "category": "Drinks",
    "brand": "Golden Circle",
    "description": "6x250mL, $2.33 per litre",
    "price": "$3.50",
    "originalPrice": "$5.10",
    "savings": "$1.60",
    "specialType": "Half Price Specials"
  },
  {
    "productID": "COL167",
    "productName": "Remedy Kombucha",
    "category": "Drinks",
    "brand": "Remedy",
    "description": "4x330mL, $6.65 per litre",
    "price": "$6.65",
    "originalPrice": "$9.50",
    "savings": "$2.85",
    "specialType": "Half Price Specials"
  },
  {
    "productID": "COL168",
    "productName": "NEW CC's Taco or Cheese & Jalapeno Corn Chips",
    "category": "Pantry",
    "brand": "CC's",
    "description": "175g, $1.43 per 100g",
    "price": "$2.50",
    "originalPrice": "$5.00",
    "savings": "$2.50",
    "specialType": "Half Price Specials"
  },
  {
    "productID": "COL169",
    "productName": "NEW Nestlé Kit Kat Aero Mint Block Chocolate",
    "category": "Liquor",
    "brand": "Nestlé",
    "description": "155g, $3.39 per 100g",
    "price": "$5.25",
    "originalPrice": "$7.50",
    "savings": "$2.25",
    "specialType": "Half Price Specials"
  },
  {
    "productID": "COL170",
    "productName": "Allen's Lollies",
    "category": "Liquor",
    "brand": "Allen's",
    "description": "140g-200g",
    "price": "$3.50",
    "originalPrice": "$5.00",
    "savings": "$1.50",
    "specialType": "Half Price Specials"
  },
  {
    "productID": "COL171",
    "productName": "Life Savers Lollies",
    "category": "Liquor",
    "brand": "Life Savers",
    "description": "150g-200g",
    "price": "$3.50",
    "originalPrice": "$5.00",
    "savings": "$1.50",
    "specialType": "Half Price Specials"
  },
  {
    "productID": "COL172",
    "productName": "The Natural Confectionery Co. or Sour Patch",
    "category": "Liquor",
    "brand": "The Natural Confectionery Co. / Sour Patch",
    "description": "130g-230g or 190g",
    "price": "2 for $7.00",
    "originalPrice": null,
    "savings": "$3.00",
    "specialType": "Multi Buy"
  },
  {
    "productID": "COL173",
    "productName": "Cadbury Old Gold Block Chocolate",
    "category": "Liquor",
    "brand": "Cadbury",
    "description": "170g-180g",
    "price": "$5.50",
    "originalPrice": "$8.00",
    "savings": "$2.50",
    "specialType": "Half Price Specials"
  },
  {
    "productID": "COL174",
    "productName": "Arnott's Scotch Finger or Choc Ripple Biscuits",
    "category": "Pantry",
    "brand": "Arnott's",
    "description": "250g, $1.00 per 100g",
    "price": "$2.50",
    "originalPrice": "$3.30",
    "savings": "$0.80",
    "specialType": "Half Price Specials"
  },
  {
    "productID": "COL175",
    "productName": "Arnott's Cheds or Country Cheese Crackers",
    "category": "Pantry",
    "brand": "Arnott's",
    "description": "250g, $1.40 per 100g",
    "price": "$3.50",
    "originalPrice": "$4.50",
    "savings": "$1.00",
    "specialType": "Half Price Specials"
  },
  {
    "productID": "COL176",
    "productName": "Arnott's Jatz or Clix Crackers",
    "category": "Pantry",
    "brand": "Arnott's",
    "description": "225g-250g",
    "price": "2 for $6.00",
    "originalPrice": null,
    "savings": "$2.00",
    "specialType": "Multi Buy"
  },
  {
    "productID": "COL177",
    "productName": "Smith's Potato Chips or Snack Mix",
    "category": "Pantry",
    "brand": "Smith's",
    "description": "20 Pack 368g-416g",
    "price": "2 for $15.00",
    "originalPrice": null,
    "savings": "$2.80",
    "specialType": "Multi Buy"
  },
  {
    "productID": "COL178",
    "productName": "Coles Microwave Popcorn",
    "category": "Pantry",
    "brand": "Coles",
    "description": "100g, $0.95 per 100g",
    "price": "$0.95",
    "originalPrice": null,
    "savings": null,
    "specialType": "Every Day"
  },
  {
    "productID": "COL179",
    "productName": "Coles Tomato Salsa",
    "category": "Pantry",
    "brand": "Coles",
    "description": "300g, $0.63 per 100g",
    "price": "$1.90",
    "originalPrice": null,
    "savings": null,
    "specialType": "Every Day"
  },
  {
    "productID": "COL180",
    "productName": "Coles Checkers Crackers",
    "category": "Pantry",
    "brand": "Coles",
    "description": "250g, $0.72 per 100g",
    "price": "$1.80",
    "originalPrice": null,
    "savings": null,
    "specialType": "Every Day"
  },
  {
    "productID": "COL181",
    "productName": "Coles Sesame Bread Sticks",
    "category": "Pantry",
    "brand": "Coles",
    "description": "125g, $2.00 per 100g",
    "price": "$2.50",
    "originalPrice": null,
    "savings": null,
    "specialType": "Every Day"
  },
  {
    "productID": "COL182",
    "productName": "Twisties, Burger Rings or Cheetos",
    "category": "Pantry",
    "brand": "Various",
    "description": "150g-270g",
    "price": "$4.00",
    "originalPrice": null,
    "savings": null,
    "specialType": "Every Day"
  },
  {
    "productID": "COL183",
    "productName": "Coles Ultimate Chocolate Chip Cookies",
    "category": "Pantry",
    "brand": "Coles",
    "description": "400g, $1.50 per 100g",
    "price": "$6.00",
    "originalPrice": null,
    "savings": null,
    "specialType": "Every Day"
  },
  {
    "productID": "COL184",
    "productName": "Pringles Potato Crisps",
    "category": "Pantry",
    "brand": "Pringles",
    "description": "118g-134g",
    "price": "2 for $8.00",
    "originalPrice": null,
    "savings": "$3.00",
    "specialType": "Multi Buy"
  },
  {
    "productID": "COL185",
    "productName": "Red Tractor Farmers Market Granola or Muesli",
    "category": "Pantry",
    "brand": "Red Tractor",
    "description": "700g, $1.00 per 100g",
    "price": "$7.00",
    "originalPrice": "$10.00",
    "savings": null,
    "specialType": "Down Down"
  },
  {
    "productID": "COL186",
    "productName": "Mission Corn Chips",
    "category": "Pantry",
    "brand": "Mission",
    "description": "230g, $1.74 per 100g",
    "price": "$4.00",
    "originalPrice": "$4.50",
    "savings": null,
    "specialType": "Down Down"
  },
  {
    "productID": "COL187",
    "productName": "Maharajah's Choice Basmati Rice",
    "category": "Pantry",
    "brand": "Maharajah's Choice",
    "description": "5kg, $0.24 per 100g",
    "price": "$12.00",
    "originalPrice": "$23.00",
    "savings": null,
    "specialType": "Down Down"
  },
  {
    "productID": "COL188",
    "productName": "Aunt Betty's Puddings",
    "category": "Pantry",
    "brand": "Aunt Betty's",
    "description": "2 Pack 190g-220g",
    "price": "$2.45",
    "originalPrice": "$4.90",
    "savings": "$2.45",
    "specialType": "Half Price Specials"
  },
  {
    "productID": "COL189",
    "productName": "Heinz Seriously Good Aioli or Mayonnaise",
    "category": "Pantry",
    "brand": "Heinz",
    "description": "295mL, $1.19 per 100mL",
    "price": "$3.50",
    "originalPrice": "$5.50",
    "savings": "$2.00",
    "specialType": "Half Price Specials"
  },
  {
    "productID": "COL190",
    "productName": "Goulburn Valley Fruits in Juice",
    "category": "Pantry",
    "brand": "Goulburn Valley",
    "description": "700g, $5.43 per kg",
    "price": "$3.80",
    "originalPrice": "$5.00",
    "savings": "$1.20",
    "specialType": "Half Price Specials"
  },
  {
    "productID": "COL191",
    "productName": "Cadbury Baking Chocolate Chips, Melts or Blocks",
    "category": "Pantry",
    "brand": "Cadbury",
    "description": "180g-225g",
    "price": "$6.00",
    "originalPrice": "$7.50",
    "savings": "$1.50",
    "specialType": "Half Price Specials"
  },
  {
    "productID": "COL192",
    "productName": "Health Lab Protein Balls",
    "category": "Healthy Living",
    "brand": "Health Lab",
    "description": "5 Pack 200g, $4.95 per 100g",
    "price": "$9.90",
    "originalPrice": "$12.75",
    "savings": "$2.85",
    "specialType": "Half Price Specials"
  },
  {
    "productID": "COL193",
    "productName": "Moccona Specialty Blend Instant Coffee",
    "category": "Drinks",
    "brand": "Moccona",
    "description": "200g, $8.50 per 100g",
    "price": "$17.00",
    "originalPrice": "$24.60",
    "savings": "$7.60",
    "specialType": "Half Price Specials"
  },
  {
    "productID": "COL194",
    "productName": "Kellogg's Nutri Grain or Just Right Cereal",
    "category": "Pantry",
    "brand": "Kellogg's",
    "description": "765g or 740g",
    "price": "$6.00",
    "originalPrice": "$10.80",
    "savings": "$4.80",
    "specialType": "Half Price Specials"
  },
  {
    "productID": "COL195",
    "productName": "Vittoria Freeze Dried Instant Coffee",
    "category": "Drinks",
    "brand": "Vittoria",
    "description": "400g, $5.75 per 100g",
    "price": "$23.00",
    "originalPrice": "$39.00",
    "savings": "$16.00",
    "specialType": "Half Price Specials"
  },
  {
    "productID": "COL196",
    "productName": "Vittoria Mountain Grown Coffee Beans or Ground",
    "category": "Drinks",
    "brand": "Vittoria",
    "description": "1kg, $3.70 per 100g",
    "price": "$37.00",
    "originalPrice": "$62.00",
    "savings": "$25.00",
    "specialType": "Half Price Specials"
  },
  {
    "productID": "COL197",
    "productName": "Uncle Tobys Le Snak",
    "category": "Pantry",
    "brand": "Uncle Tobys",
    "description": "132g, $2.50 per 100g",
    "price": "$3.30",
    "originalPrice": "$5.50",
    "savings": "$2.20",
    "specialType": "Half Price Specials"
  },
  {
    "productID": "COL198",
    "productName": "Uncle Tobys Oats Big Bowl Sachets",
    "category": "Pantry",
    "brand": "Uncle Tobys",
    "description": "368g, $1.36 per 100g",
    "price": "$5.00",
    "originalPrice": "$6.50",
    "savings": "$1.50",
    "specialType": "Half Price Specials"
  },
  {
    "productID": "COL199",
    "productName": "Sunsol Low Sugar Apple & Cinnamon Toasted Muesli",
    "category": "Pantry",
    "brand": "Sunsol",
    "description": "450g, $1.33 per 100g",
    "price": "$6.00",
    "originalPrice": "$8.00",
    "savings": "$2.00",
    "specialType": "Half Price Specials"
  },
  {
    "productID": "COL200",
    "productName": "Bega Smooth or Crunchy Peanut Butter",
    "category": "Pantry",
    "brand": "Bega",
    "description": "470g, $1.17 per 100g",
    "price": "$5.50",
    "originalPrice": "$6.90",
    "savings": "$1.40",
    "specialType": "Half Price Specials"
  },
  {
    "productID": "COL201",
    "productName": "Lotus Biscoff Spread",
    "category": "Pantry",
    "brand": "Lotus",
    "description": "380g-400g",
    "price": "$6.00",
    "originalPrice": "$7.50",
    "savings": "$1.50",
    "specialType": "Half Price Specials"
  },
  {
    "productID": "COL202",
    "productName": "Nescafé Blend 43",
    "category": "Drinks",
    "brand": "Nescafé",
    "description": "500g, $4.40 per 100g",
    "price": "$22.00",
    "originalPrice": "$32.00",
    "savings": "$10.00",
    "specialType": "Half Price Specials"
  },
  {
    "productID": "COL203",
    "productName": "SPC Spaghetti",
    "category": "Pantry",
    "brand": "SPC",
    "description": "420g, $0.48 per 100g",
    "price": "$2.00",
    "originalPrice": "$2.50",
    "savings": "$0.50",
    "specialType": "Half Price Specials"
  },
  {
    "productID": "COL204",
    "productName": "Dolmio Pasta Sauce",
    "category": "Pantry",
    "brand": "Dolmio",
    "description": "490g-500g",
    "price": "$3.00",
    "originalPrice": "$4.60",
    "savings": "$1.60",
    "specialType": "Half Price Specials"
  },
  {
    "productID": "COL205",
    "productName": "Campbell's Real Stock",
    "category": "Pantry",
    "brand": "Campbell's",
    "description": "1 Litre, $0.35 per 100mL",
    "price": "$3.50",
    "originalPrice": "$4.50",
    "savings": "$1.00",
    "specialType": "Half Price Specials"
  },
  {
    "productID": "COL206",
    "productName": "Green's Deluxe Baking Mix",
    "category": "Pantry",
    "brand": "Green's",
    "description": "380g-630g",
    "price": "$3.80",
    "originalPrice": "$5.50",
    "savings": "$1.70",
    "specialType": "Half Price Specials"
  },
  {
    "productID": "COL207",
    "productName": "Nongshim Shin Ramyun Noodle",
    "category": "Pantry",
    "brand": "Nongshim",
    "description": "5 Pack 600g, $0.83 per 100g",
    "price": "$5.00",
    "originalPrice": "$8.00",
    "savings": "$3.00",
    "specialType": "Half Price Specials"
  },
  {
    "productID": "COL208",
    "productName": "Squeaky Gate Extra Virgin Olive Oil",
    "category": "Pantry",
    "brand": "Squeaky Gate",
    "description": "750mL, $2.13 per 100mL",
    "price": "$16.00",
    "originalPrice": "$20.00",
    "savings": "$4.00",
    "specialType": "Half Price Specials"
  },
  {
    "productID": "COL209",
    "productName": "Kellogg's High Protein Granola",
    "category": "Pantry",
    "brand": "Kellogg's",
    "description": "450g, $1.40 per 100g",
    "price": "$6.30",
    "originalPrice": "$9.00",
    "savings": "$2.70",
    "specialType": "Half Price Specials"
  },
  {
    "productID": "COL210",
    "productName": "Gippsland Dairy Mix-ins",
    "category": "Dairy, Eggs & Meals",
    "brand": "Gippsland Dairy",
    "description": "140g, $1.50 per 100g",
    "price": "$2.10",
    "originalPrice": "$4.20",
    "savings": "$2.10",
    "specialType": "Half Price Specials"
  },
  {
    "productID": "COL211",
    "productName": "Mersey Valley Cheese",
    "category": "Dairy, Eggs & Meals",
    "brand": "Mersey Valley",
    "description": "235g, $29.36 per kg",
    "price": "$6.90",
    "originalPrice": "$9.90",
    "savings": "$3.00",
    "specialType": "Half Price Specials"
  },
  {
    "productID": "COL212",
    "productName": "Chobani Yogurt Pouch",
    "category": "Dairy, Eggs & Meals",
    "brand": "Chobani",
    "description": "140g, $1.32 per 100g",
    "price": "$1.85",
    "originalPrice": "$2.70",
    "savings": "$0.85",
    "specialType": "Half Price Specials"
  },
  {
    "productID": "COL213",
    "productName": "Gippsland Dairy Twist Yogurt",
    "category": "Dairy, Eggs & Meals",
    "brand": "Gippsland Dairy",
    "description": "160g, $1.31 per 100g",
    "price": "$2.10",
    "originalPrice": "$3.00",
    "savings": "$0.90",
    "specialType": "Half Price Specials"
  },
  {
    "productID": "COL214",
    "productName": "Jalna Greek Style Yoghurt",
    "category": "Dairy, Eggs & Meals",
    "brand": "Jalna",
    "description": "1kg, $0.70 per 100g",
    "price": "$7.00",
    "originalPrice": "$8.80",
    "savings": "$1.80",
    "specialType": "Half Price Specials"
  },
  {
    "productID": "COL215",
    "productName": "The Juice Brothers Juice",
    "category": "Drinks",
    "brand": "The Juice Brothers",
    "description": "1 Litre, $4.50 per litre",
    "price": "$4.50",
    "originalPrice": "$5.00",
    "savings": null,
    "specialType": "Down Down"
  },
  {
    "productID": "COL216",
    "productName": "Western Star Spreadable Blend",
    "category": "Dairy, Eggs & Meals",
    "brand": "Western Star",
    "description": "500g, $1.34 per 100g",
    "price": "$6.70",
    "originalPrice": "$7.50",
    "savings": null,
    "specialType": "Down Down"
  },
  {
    "productID": "COL217",
    "productName": "Perfect Italiano Grated Cheese",
    "category": "Dairy, Eggs & Meals",
    "brand": "Perfect Italiano",
    "description": "450g, $16.67 per kg",
    "price": "$7.50",
    "originalPrice": "$9.50",
    "savings": "$2.00",
    "specialType": "Half Price Specials"
  },
  {
    "productID": "COL218",
    "productName": "On the Menu Pasta Sauce",
    "category": "Pantry",
    "brand": "On the Menu",
    "description": "425g, $0.88 per 100g",
    "price": "$3.75",
    "originalPrice": "$7.50",
    "savings": "$3.75",
    "specialType": "Half Price Specials"
  },
  {
    "productID": "COL219",
    "productName": "On the Menu Filled Pasta",
    "category": "Frozen",
    "brand": "On the Menu",
    "description": "600g, $0.92 per 100g",
    "price": "$5.50",
    "originalPrice": "$11.00",
    "savings": "$5.50",
    "specialType": "Half Price Specials"
  },
  {
    "productID": "COL220",
    "productName": "Danone YoPro Perform Yoghurt",
    "category": "Dairy, Eggs & Meals",
    "brand": "Danone",
    "description": "175g, $1.69 per 100g",
    "price": "$2.95",
    "originalPrice": "$3.70",
    "savings": "$0.75",
    "specialType": "Half Price Specials"
  },
  {
    "productID": "COL221",
    "productName": "Coles Kitchen Garlic Baguette Twin Pack",
    "category": "Bread & Bakery",
    "brand": "Coles",
    "description": "450g, $0.76 per 100g",
    "price": "$3.40",
    "originalPrice": null,
    "savings": null,
    "specialType": "Every Day"
  },
  {
    "productID": "COL222",
    "productName": "Primo High Protein Stackers",
    "category": "Meat, Seafood & Deli",
    "brand": "Primo",
    "description": "55g, $6.36 per 100g",
    "price": "$3.50",
    "originalPrice": "$4.50",
    "savings": "$1.00",
    "specialType": "Half Price Specials"
  },
  {
    "productID": "COL223",
    "productName": "Bega Cheese Block, Slices or Grated",
    "category": "Dairy, Eggs & Meals",
    "brand": "Bega",
    "description": "250g, $24.00 per kg",
    "price": "$6.00",
    "originalPrice": "$7.50",
    "savings": "$1.50",
    "specialType": "Half Price Specials"
  },
  {
    "productID": "COL224",
    "productName": "Vegie Delights Sausages",
    "category": "Frozen",
    "brand": "Vegie Delights",
    "description": "300g, $2.00 per 100g",
    "price": "$6.00",
    "originalPrice": "$7.50",
    "savings": "$1.50",
    "specialType": "Half Price Specials"
  },
  {
    "productID": "COL225",
    "productName": "Coles Beef Lasagne",
    "category": "Frozen",
    "brand": "Coles",
    "description": "1.8kg, $0.69 per 100g",
    "price": "$12.50",
    "originalPrice": null,
    "savings": null,
    "specialType": "Every Day"
  },
  {
    "productID": "COL226",
    "productName": "Coles Finest Luxury Lemon Sorbet",
    "category": "Frozen",
    "brand": "Coles",
    "description": "500mL, $1.40 per 100mL",
    "price": "$7.00",
    "originalPrice": null,
    "savings": null,
    "specialType": "Every Day"
  },
  {
    "productID": "COL227",
    "productName": "Coles Finest Luxury Mango Sorbet",
    "category": "Frozen",
    "brand": "Coles",
    "description": "500mL, $1.40 per 100mL",
    "price": "$7.00",
    "originalPrice": null,
    "savings": null,
    "specialType": "Every Day"
  },
  {
    "productID": "COL228",
    "productName": "Coles Finest Decadent Belgian Chocolate Ice Cream Tub",
    "category": "Frozen",
    "brand": "Coles",
    "description": "480mL, $1.56 per 100mL",
    "price": "$7.50",
    "originalPrice": null,
    "savings": null,
    "specialType": "Every Day"
  },
  {
    "productID": "COL229",
    "productName": "Coles Finest French Lemon Meringue Tartlets",
    "category": "Frozen",
    "brand": "Coles",
    "description": "2 Pack 195g, $3.59 per 100g",
    "price": "$7.00",
    "originalPrice": "$8.00",
    "savings": "$1.00",
    "specialType": "Half Price Specials"
  },
  {
    "productID": "COL230",
    "productName": "Coles Finest French Raspberry Tartlets",
    "category": "Frozen",
    "brand": "Coles",
    "description": "2 Pack 220g, $3.18 per 100g",
    "price": "$7.00",
    "originalPrice": "$8.00",
    "savings": "$1.00",
    "specialType": "Half Price Specials"
  },
  {
    "productID": "COL231",
    "productName": "Coles Finest Luxury Chocolate Hazelnut Buche",
    "category": "Frozen",
    "brand": "Coles",
    "description": "480g, $4.17 per 100g",
    "price": "$20.00",
    "originalPrice": null,
    "savings": null,
    "specialType": "Every Day"
  },
  {
    "productID": "COL232",
    "productName": "Proud & Punch Frozen Dessert Sticks",
    "category": "Frozen",
    "brand": "Proud & Punch",
    "description": "6 Pack 420mL-450mL",
    "price": "$4.25",
    "originalPrice": "$8.50",
    "savings": "$4.25",
    "specialType": "Half Price Specials"
  },
  {
    "productID": "COL233",
    "productName": "Streets Golden Gaytime Sticks",
    "category": "Frozen",
    "brand": "Streets",
    "description": "4 Pack 400mL, $1.25 per 100mL",
    "price": "$5.00",
    "originalPrice": "$10.00",
    "savings": "$5.00",
    "specialType": "Half Price Specials"
  },
  {
    "productID": "COL234",
    "productName": "Connoisseur Ice Cream Sticks",
    "category": "Frozen",
    "brand": "Connoisseur",
    "description": "4 Pack-6 Pack 360mL-400mL",
    "price": "$7.20",
    "originalPrice": "$12.00",
    "savings": "$4.80",
    "specialType": "Half Price Specials"
  },
  {
    "productID": "COL235",
    "productName": "Connoisseur Ice Cream Tub",
    "category": "Frozen",
    "brand": "Connoisseur",
    "description": "1 Litre, $0.90 per 100mL",
    "price": "$9.00",
    "originalPrice": "$12.00",
    "savings": "$3.00",
    "specialType": "Half Price Specials"
  },
  {
    "productID": "COL236",
    "productName": "Häagen-Dazs Ice Cream Tub",
    "category": "Frozen",
    "brand": "Häagen-Dazs",
    "description": "457mL, $1.77 per 100mL",
    "price": "$8.10",
    "originalPrice": "$13.50",
    "savings": "$5.40",
    "specialType": "Half Price Specials"
  },
  {
    "productID": "COL237",
    "productName": "Streets Paddle Pop Sticks",
    "category": "Frozen",
    "brand": "Streets",
    "description": "8 Pack 544mL, $1.29 per 100mL",
    "price": "$7.00",
    "originalPrice": "$9.00",
    "savings": "$2.00",
    "specialType": "Half Price Specials"
  },
  {
    "productID": "COL238",
    "productName": "Bulla Creamy Classics Ice Cream Tub",
    "category": "Frozen",
    "brand": "Bulla",
    "description": "2 Litre, $0.45 per 100mL",
    "price": "$9.00",
    "originalPrice": "$12.00",
    "savings": "$3.00",
    "specialType": "Half Price Specials"
  },
  {
    "productID": "COL239",
    "productName": "McCain Pub Style Fries",
    "category": "Frozen",
    "brand": "McCain",
    "description": "750g, $6.40 per kg",
    "price": "$4.80",
    "originalPrice": "$6.00",
    "savings": "$1.20",
    "specialType": "Half Price Specials"
  },
  {
    "productID": "COL240",
    "productName": "Family Faves Chicken Tenders",
    "category": "Frozen",
    "brand": "Family Faves",
    "description": "1kg, $10.00 per kg",
    "price": "$10.00",
    "originalPrice": "$12.50",
    "savings": null,
    "specialType": "Down Down"
  },
  {
    "productID": "COL241",
    "productName": "Sara Lee Frozen Lemon or Chocolate Bavarian Cheesecake, Chocolate Cake or Sticky Date Pudding",
    "category": "Frozen",
    "brand": "Sara Lee",
    "description": "375g-475g",
    "price": "2 for $10.00",
    "originalPrice": null,
    "savings": "$8.00",
    "specialType": "Multi Buy"
  },
  {
    "productID": "COL242",
    "productName": "Dr O Ristorante Family Pizza",
    "category": "Frozen",
    "brand": "Dr O Ristorante",
    "description": "310g-390g",
    "price": "$7.00",
    "originalPrice": "$9.50",
    "savings": "$2.50",
    "specialType": "Half Price Specials"
  },
  {
    "productID": "COL243",
    "productName": "Tegel Take Out Louisiana Style Tenders",
    "category": "Frozen",
    "brand": "Tegel",
    "description": "500g, $16.80 per kg",
    "price": "$8.40",
    "originalPrice": "$14.00",
    "savings": "$5.60",
    "specialType": "Half Price Specials"
  },
  {
    "productID": "COL244",
    "productName": "KB's Gyoza",
    "category": "Frozen",
    "brand": "KB's",
    "description": "750g, $1.92 per 100g",
    "price": "$14.40",
    "originalPrice": "$18.00",
    "savings": "$3.60",
    "specialType": "Half Price Specials"
  },
  {
    "productID": "COL245",
    "productName": "Core Powerfoods Frozen Meal",
    "category": "Frozen",
    "brand": "Core Powerfoods",
    "description": "350g, $2.14 per 100g",
    "price": "2 for $15.00",
    "originalPrice": null,
    "savings": "$4.00",
    "specialType": "Multi Buy"
  },
  {
    "productID": "COL246",
    "productName": "Birds Eye Carrot, Cauliflower & Broccoli Mix",
    "category": "Frozen",
    "brand": "Birds Eye",
    "description": "1kg, $5.20 per kg",
    "price": "$5.20",
    "originalPrice": "$6.50",
    "savings": "$1.30",
    "specialType": "Half Price Specials"
  },
  {
    "productID": "COL247",
    "productName": "McCain Pub Size Meal",
    "category": "Frozen",
    "brand": "McCain",
    "description": "480g-500g",
    "price": "$7.60",
    "originalPrice": "$9.50",
    "savings": "$1.90",
    "specialType": "Half Price Specials"
  },
  {
    "productID": "COL248",
    "productName": "Beach Rd Naturals Body Bar",
    "category": "Health & Beauty",
    "brand": "Beach Rd Naturals",
    "description": "150g, $1.33 per 100g",
    "price": "$2.00",
    "originalPrice": "$4.00",
    "savings": "$2.00",
    "specialType": "Half Price Specials"
  },
  {
    "productID": "COL249",
    "productName": "WaterWipes Fragrance Free Sensitive Skin Baby Wipes",
    "category": "Baby",
    "brand": "WaterWipes",
    "description": "180 Pack, $5.97 per 100 each",
    "price": "$10.75",
    "originalPrice": "$21.50",
    "savings": "$10.75",
    "specialType": "Half Price Specials"
  },
  {
    "productID": "COL250",
    "productName": "Huggies Ultra Dry Bulk Nappies",
    "category": "Baby",
    "brand": "Huggies",
    "description": "30 Pack-54 Pack",
    "price": "$13.00",
    "originalPrice": "$22.00",
    "savings": "$9.00",
    "specialType": "Half Price Specials"
  },
  {
    "productID": "COL251",
    "productName": "Alula Gentle Stage 3 Toddler Milk Drink",
    "category": "Baby",
    "brand": "Alula",
    "description": "900g, $1.78 per 100g",
    "price": "$16.00",
    "originalPrice": "$20.00",
    "savings": "$4.00",
    "specialType": "Half Price Specials"
  },
  {
    "productID": "COL252",
    "productName": "Nestlé NAN Optipro Stage 3 Toddler Milk Drink",
    "category": "Baby",
    "brand": "Nestlé",
    "description": "800g, $2.50 per 100g",
    "price": "$20.00",
    "originalPrice": "$25.00",
    "savings": "$5.00",
    "specialType": "Half Price Specials"
  },
  {
    "productID": "COL253",
    "productName": "Rafferty's Garden Baby Food Pouch",
    "category": "Baby",
    "brand": "Rafferty's Garden",
    "description": "120g, $1.58 per 100g",
    "price": "$1.90",
    "originalPrice": "$2.30",
    "savings": "$0.40",
    "specialType": "Half Price Specials"
  },
  {
    "productID": "COL254",
    "productName": "Poise Bladder Protection Light Continence Liners",
    "category": "Health & Beauty",
    "brand": "Poise",
    "description": "18 Pack, $0.18 per each",
    "price": "$3.20",
    "originalPrice": "$4.00",
    "savings": "$0.80",
    "specialType": "Half Price Specials"
  },
  {
    "productID": "COL255",
    "productName": "Dove Body Wash",
    "category": "Health & Beauty",
    "brand": "Dove",
    "description": "1 Litre, $1.25 per 100mL",
    "price": "$12.50",
    "originalPrice": "$19.00",
    "savings": "$6.50",
    "specialType": "Half Price Specials"
  },
  {
    "productID": "COL256",
    "productName": "Zyrtec Rapid Tablets",
    "category": "Health & Beauty",
    "brand": "Zyrtec",
    "description": "10 Pack, $1.12 per each",
    "price": "$11.20",
    "originalPrice": "$14.00",
    "savings": null,
    "specialType": "Down Down"
  },
  {
    "productID": "COL257",
    "productName": "Rexona 48hr Aerosol Deodorant",
    "category": "Health & Beauty",
    "brand": "Rexona",
    "description": "250mL, $1.70 per 100mL",
    "price": "$4.25",
    "originalPrice": "$8.50",
    "savings": "$4.25",
    "specialType": "Half Price Specials"
  },
  {
    "productID": "COL258",
    "productName": "L'Oréal Men Pure Carbon Face Wash or Face Scrub",
    "category": "Health & Beauty",
    "brand": "L'Oréal",
    "description": "100mL, $6.00 per 100mL",
    "price": "$6.00",
    "originalPrice": "$12.00",
    "savings": "$6.00",
    "specialType": "Half Price Specials"
  },
  {
    "productID": "COL259",
    "productName": "Gillette Mach3+ Razor Blade Refill Cartridges",
    "category": "Health & Beauty",
    "brand": "Gillette",
    "description": "8 Pack, $2.75 per each",
    "price": "$22.00",
    "originalPrice": "$32.00",
    "savings": "$10.00",
    "specialType": "Half Price Specials"
  },
  {
    "productID": "COL260",
    "productName": "Lynx Fine Fragrance Deodorant Body Spray",
    "category": "Health & Beauty",
    "brand": "Lynx",
    "description": "150mL, $3.33 per 100mL",
    "price": "$5.00",
    "originalPrice": "$10.00",
    "savings": "$5.00",
    "specialType": "Half Price Specials"
  },
  {
    "productID": "COL261",
    "productName": "Rexona Whole Body Deodorant",
    "category": "Health & Beauty",
    "brand": "Rexona",
    "description": "230mL, $2.72 per 100mL",
    "price": "$6.25",
    "originalPrice": "$12.50",
    "savings": "$6.25",
    "specialType": "Half Price Specials"
  },
  {
    "productID": "COL262",
    "productName": "Depend Men Level 3 Guards",
    "category": "Health & Beauty",
    "brand": "Depend",
    "description": "10 Pack, $0.76 per each",
    "price": "$7.60",
    "originalPrice": "$9.50",
    "savings": "$1.90",
    "specialType": "Half Price Specials"
  },
  {
    "productID": "COL263",
    "productName": "Nivea Men Derma Control Sensitive Roll On Deodorant",
    "category": "Health & Beauty",
    "brand": "Nivea",
    "description": "50mL, $5.00 per 100mL",
    "price": "$2.50",
    "originalPrice": "$5.00",
    "savings": "$2.50",
    "specialType": "Half Price Specials"
  },
  {
    "productID": "COL264",
    "productName": "Nivea Men Derma Control Sensitive Antiperspirant Aerosol Deodorant",
    "category": "Health & Beauty",
    "brand": "Nivea",
    "description": "250mL, $1.90 per 100mL",
    "price": "$4.75",
    "originalPrice": "$9.50",
    "savings": "$4.75",
    "specialType": "Half Price Specials"
  },
  {
    "productID": "COL265",
    "productName": "Fussy Cat Grainfree Dry Cat Food",
    "category": "Pet",
    "brand": "Fussy Cat",
    "description": "2.5kg, $0.53 per 100g",
    "price": "$13.25",
    "originalPrice": "$26.50",
    "savings": "$13.25",
    "specialType": "Half Price Specials"
  },
  {
    "productID": "COL266",
    "productName": "Farmers Market Dry Dog Food",
    "category": "Pet",
    "brand": "Farmers Market",
    "description": "6.8kg, $0.35 per 100g",
    "price": "$24.00",
    "originalPrice": "$40.00",
    "savings": "$16.00",
    "specialType": "Half Price Specials"
  },
  {
    "productID": "COL267",
    "productName": "Dine Classic Collections Cat Food",
    "category": "Pet",
    "brand": "Dine",
    "description": "85g, $1.12 per 100g",
    "price": "$0.95",
    "originalPrice": "$1.60",
    "savings": "$0.65",
    "specialType": "Half Price Specials"
  },
  {
    "productID": "COL268",
    "productName": "My Dog Dog Food",
    "category": "Pet",
    "brand": "My Dog",
    "description": "400g, $0.60 per 100g",
    "price": "$2.40",
    "originalPrice": "$3.00",
    "savings": "$0.60",
    "specialType": "Half Price Specials"
  },
  {
    "productID": "COL269",
    "productName": "Schmackos Dog Treats",
    "category": "Pet",
    "brand": "Schmackos",
    "description": "200g, $2.75 per 100g",
    "price": "$5.50",
    "originalPrice": "$8.00",
    "savings": "$2.50",
    "specialType": "Half Price Specials"
  },
  {
    "productID": "COL270",
    "productName": "Whiskas Oh So Cat Food",
    "category": "Pet",
    "brand": "Whiskas",
    "description": "12x85g, $1.00 per 100g",
    "price": "$10.15",
    "originalPrice": "$14.50",
    "savings": "$4.35",
    "specialType": "Half Price Specials"
  },
  {
    "productID": "COL271",
    "productName": "Purina One Dry Dog Food",
    "category": "Pet",
    "brand": "Purina One",
    "description": "2.5kg, $0.62 per 100g",
    "price": "$15.40",
    "originalPrice": "$22.00",
    "savings": "$6.60",
    "specialType": "Half Price Specials"
  },
  {
    "productID": "COL272",
    "productName": "Pedigree Dentastix",
    "category": "Pet",
    "brand": "Pedigree",
    "description": "28 Pack, $0.60 per each",
    "price": "$16.80",
    "originalPrice": "$24.00",
    "savings": "$7.20",
    "specialType": "Half Price Specials"
  },
  {
    "productID": "COL273",
    "productName": "Coles Dry Dog Food",
    "category": "Pet",
    "brand": "Coles",
    "description": "3kg, $0.30 per 100g",
    "price": "$9.00",
    "originalPrice": null,
    "savings": null,
    "specialType": "Every Day"
  },
  {
    "productID": "COL274",
    "productName": "Woofin' Good Chicken Tenders Dog Treats",
    "category": "Pet",
    "brand": "Woofin' Good",
    "description": "200g, $6.00 per 100g",
    "price": "$12.00",
    "originalPrice": null,
    "savings": null,
    "specialType": "Every Day"
  },
  {
    "productID": "COL275",
    "productName": "Coles Ultra 3-Ply Paper Towel",
    "category": "Household",
    "brand": "Coles",
    "description": "3 Pack, $1.78 per 100 sheets",
    "price": "$3.20",
    "originalPrice": null,
    "savings": null,
    "specialType": "Every Day"
  },
  {
    "productID": "COL276",
    "productName": "No Vac Carpet Sanitiser & Deodoriser Garden Breeze",
    "category": "Household",
    "brand": "No Vac",
    "description": "290g, $1.34 per 100g",
    "price": "$3.90",
    "originalPrice": "$6.50",
    "savings": "$2.60",
    "specialType": "Half Price Specials"
  },
  {
    "productID": "COL277",
    "productName": "Kleenex 3-Ply Wellbeing Facial Tissues",
    "category": "Household",
    "brand": "Kleenex",
    "description": "140 Pack, $2.14 per 100 sheets",
    "price": "3 for $9.00",
    "originalPrice": null,
    "savings": "$4.50",
    "specialType": "Multi Buy"
  },
  {
    "productID": "COL278",
    "productName": "Ajax Eco Multipurpose Wipes",
    "category": "Household",
    "brand": "Ajax",
    "description": "110 Pack, $0.05 per each",
    "price": "$5.50",
    "originalPrice": "$11.00",
    "savings": "$5.50",
    "specialType": "Half Price Specials"
  },
  {
    "productID": "COL279",
    "productName": "Mortein PowerGard Cockroach Baits",
    "category": "Household",
    "brand": "Mortein",
    "description": "12 Pack, $1.02 per each",
    "price": "$12.25",
    "originalPrice": "$17.50",
    "savings": "$5.25",
    "specialType": "Half Price Specials"
  },
  {
    "productID": "COL280",
    "productName": "Kleenex Complete Clean Toilet Paper",
    "category": "Household",
    "brand": "Kleenex",
    "description": "9 Pack, $0.28 per 100 sheets",
    "price": "$4.50",
    "originalPrice": "$9.00",
    "savings": "$4.50",
    "specialType": "Half Price Specials"
  },
  {
    "productID": "COL281",
    "productName": "Cold Power Laundry Liquid",
    "category": "Household",
    "brand": "Cold Power",
    "description": "2 Litre, $6.00 per litre",
    "price": "$12.00",
    "originalPrice": "$24.00",
    "savings": "$12.00",
    "specialType": "Half Price Specials"
  },
  {
    "productID": "COL282",
    "productName": "Cold Power Laundry Capsules",
    "category": "Household",
    "brand": "Cold Power",
    "description": "29 Pack, $0.45 per each",
    "price": "$13.00",
    "originalPrice": "$26.00",
    "savings": "$13.00",
    "specialType": "Half Price Specials"
  },
  {
    "productID": "COL283",
    "productName": "Bonds Men's X-Temp Quarter Crew Socks",
    "category": "Clothing",
    "brand": "Bonds",
    "description": "3 Pack",
    "price": "$8.00",
    "originalPrice": "$16.00",
    "savings": "$8.00",
    "specialType": "Half Price Specials"
  },
  {
    "productID": "COL284",
    "productName": "Bonds Men's Guyfront Trunk",
    "category": "Clothing",
    "brand": "Bonds",
    "description": "1 Pack",
    "price": "$12.50",
    "originalPrice": "$25.00",
    "savings": "$12.50",
    "specialType": "Half Price Specials"
  },
  {
    "productID": "COL285",
    "productName": "Décor Vent & Seal Leak Proof Glass Container",
    "category": "Stationery & Media",
    "brand": "Décor",
    "description": "1 Litre, $7.00 per each",
    "price": "$7.00",
    "originalPrice": "$14.00",
    "savings": "$7.00",
    "specialType": "Half Price Specials"
  },
  {
    "productID": "COL286",
    "productName": "Duracell Coppertop Batteries AA or AAA",
    "category": "Stationery & Media",
    "brand": "Duracell",
    "description": "AA 16 Pack or AAA 14 Pack",
    "price": "$13.75",
    "originalPrice": "$27.50",
    "savings": "$13.75",
    "specialType": "Half Price Specials"
  },
  {
    "productID": "COL287",
    "productName": "Brunnings Concentrate Weed Kill",
    "category": "Stationery & Media",
    "brand": "Brunnings",
    "description": "1 Litre",
    "price": "$10.00",
    "originalPrice": "$20.00",
    "savings": "$10.00",
    "specialType": "Half Price Specials"
  },
  {
    "productID": "COL288",
    "productName": "Belkin Boostcharge USB-A Lightning Cable White",
    "category": "Stationery & Media",
    "brand": "Belkin",
    "description": "1 Metre",
    "price": "$19.50",
    "originalPrice": "$24.95",
    "savings": "$5.45",
    "specialType": "Half Price Specials"
  },
  {
    "productID": "COL289",
    "productName": "Bic Mega Lighter",
    "category": "Stationery & Media",
    "brand": "Bic",
    "description": "1 Pack, $7.00 per each",
    "price": "$7.00",
    "originalPrice": "$10.00",
    "savings": "$3.00",
    "specialType": "Half Price Specials"
  },
  {
    "productID": "COL290",
    "productName": "Décor Microsafe Easy Heat Container",
    "category": "Stationery & Media",
    "brand": "Décor",
    "description": "900mL, $4.50 per each",
    "price": "$4.50",
    "originalPrice": "$6.50",
    "savings": "$2.00",
    "specialType": "Half Price Specials"
  },
  {
    "productID": "COL291",
    "productName": "Flybuys 10x Points on Bunnings Gift Cards",
    "category": "Stationery & Media",
    "brand": "Flybuys",
    "description": "When you swipe your Flybuys card at checkout",
    "price": "N/A",
    "originalPrice": null,
    "savings": null,
    "specialType": "Promotion"
  },
  {
    "productID": "COL292",
    "productName": "Optus X-Start 5",
    "category": "Stationery & Media",
    "brand": "Optus",
    "description": "Smartphone",
    "price": "$49.00",
    "originalPrice": "$79.00",
    "savings": "$30.00",
    "specialType": "Half Price Specials"
  },
  {
    "productID": "COL293",
    "productName": "Optus X-Value 5G",
    "category": "Stationery & Media",
    "brand": "Optus",
    "description": "Smartphone",
    "price": "$129.00",
    "originalPrice": "$149.00",
    "savings": "$20.00",
    "specialType": "Half Price Specials"
  },
  {
    "productID": "COL294",
    "productName": "Optus X Pro 5G",
    "category": "Stationery & Media",
    "brand": "Optus",
    "description": "Smartphone",
    "price": "$139.00",
    "originalPrice": "$169.00",
    "savings": "$30.00",
    "specialType": "Half Price Specials"
  },
  {
    "productID": "COL295",
    "productName": "Motorola moto g35 5G",
    "category": "Stationery & Media",
    "brand": "Motorola",
    "description": "Smartphone",
    "price": "$179.00",
    "originalPrice": "$199.00",
    "savings": "$20.00",
    "specialType": "Half Price Specials"
  },
  {
    "productID": "COL296",
    "productName": "Optus $35 AutoRecharge only Prepaid SIM Starter Kit",
    "category": "Stationery & Media",
    "brand": "Optus",
    "description": "Prepaid SIM",
    "price": "$13.00",
    "originalPrice": "$35.00",
    "savings": "$22.00",
    "specialType": "Half Price Specials"
  },
  {
    "productID": "COL297",
    "productName": "Lebara $24.90 Starter Pack",
    "category": "Stationery & Media",
    "brand": "Lebara",
    "description": "Prepaid SIM",
    "price": "$10.00",
    "originalPrice": "$24.90",
    "savings": "$14.90",
    "specialType": "Half Price Specials"
  },
  {
    "productID": "COL298",
    "productName": "Vodafone $35 Prepaid SIM",
    "category": "Stationery & Media",
    "brand": "Vodafone",
    "description": "Prepaid SIM",
    "price": "$14.00",
    "originalPrice": "$35.00",
    "savings": "$21.00",
    "specialType": "Half Price Specials"
  },
  {
    "productID": "COL299",
    "productName": "Optus $49 Prepaid SIM",
    "category": "Stationery & Media",
    "brand": "Optus",
    "description": "Prepaid SIM",
    "price": "$17.00",
    "originalPrice": "$49.00",
    "savings": "$32.00",
    "specialType": "Half Price Specials"
  },
  {
    "productID": "COL300",
    "productName": "Coles Mobile $240 SIM",
    "category": "Stationery & Media",
    "brand": "Coles Mobile",
    "description": "Prepaid SIM",
    "price": "$189.00",
    "originalPrice": "$240.00",
    "savings": "$51.00",
    "specialType": "Half Price Specials"
  },
  {
    "productID": "COL301",
    "productName": "Telstra $39 SIM Kit",
    "category": "Stationery & Media",
    "brand": "Telstra",
    "description": "Prepaid SIM",
    "price": "$13.00",
    "originalPrice": "$39.00",
    "savings": "$26.00",
    "specialType": "Half Price Specials"
  },
  {
    "productID": "COL302",
    "productName": "Telstra T-Essential",
    "category": "Stationery & Media",
    "brand": "Telstra",
    "description": "Smartphone",
    "price": "$59.00",
    "originalPrice": "$79.00",
    "savings": "$20.00",
    "specialType": "Half Price Specials"
  },
  {
    "productID": "COL303",
    "productName": "Lyca $30 Starter Pack",
    "category": "Stationery & Media",
    "brand": "Lyca",
    "description": "Prepaid SIM",
    "price": "$9.00",
    "originalPrice": "$30.00",
    "savings": "$21.00",
    "specialType": "Half Price Specials"
  },
  {
    "productID": "COL304",
    "productName": "Lyca $40 Starter Pack",
    "category": "Stationery & Media",
    "brand": "Lyca",
    "description": "Prepaid SIM",
    "price": "$12.00",
    "originalPrice": "$40.00",
    "savings": "$28.00",
    "specialType": "Half Price Specials"
  },
  {
    "productID": "COL305",
    "productName": "Moet & Chandon Rose Brut NV",
    "category": "Liquor",
    "brand": "Moet & Chandon",
    "description": "750mL",
    "price": "$91.00",
    "originalPrice": "$122.00",
    "savings": null,
    "specialType": "Half Price Specials"
  },
  {
    "productID": "COL306",
    "productName": "Chandon NV Rose",
    "category": "Liquor",
    "brand": "Chandon",
    "description": "750mL",
    "price": "Any 2 for $55.00",
    "originalPrice": null,
    "savings": "$17.00",
    "specialType": "Multi Buy"
  },
  {
    "productID": "COL307",
    "productName": "Chandon Garden Spritz",
    "category": "Liquor",
    "brand": "Chandon",
    "description": "750mL",
    "price": "Any 2 for $55.00",
    "originalPrice": null,
    "savings": "$17.00",
    "specialType": "Multi Buy"
  },
  {
    "productID": "COL308",
    "productName": "Veuve Clicquot Yellow Label Brut NV",
    "category": "Liquor",
    "brand": "Veuve Clicquot",
    "description": "750mL",
    "price": "$83.00",
    "originalPrice": "$99.00",
    "savings": null,
    "specialType": "Half Price Specials"
  },
  {
    "productID": "COL309",
    "productName": "NEW Ello Vodka Alcoholico Orange Cans",
    "category": "Liquor",
    "brand": "Ello",
    "description": "4x375mL",
    "price": "$20.00",
    "originalPrice": "$26.00",
    "savings": null,
    "specialType": "Half Price Specials"
  },
  {
    "productID": "COL310",
    "productName": "NEW -196 Double Lemon Cans",
    "category": "Liquor",
    "brand": "-196",
    "description": "4x250mL",
    "price": "$22.00",
    "originalPrice": "$30.00",
    "savings": null,
    "specialType": "Half Price Specials"
  },
  {
    "productID": "COL311",
    "productName": "Wild Turkey & Cola 101 Cans",
    "category": "Liquor",
    "brand": "Wild Turkey",
    "description": "4x375mL",
    "price": "$29.00",
    "originalPrice": "$34.00",
    "savings": null,
    "specialType": "Half Price Specials"
  },
  {
    "productID": "COL312",
    "productName": "Jack Daniels & Cola Cans",
    "category": "Liquor",
    "brand": "Jack Daniels",
    "description": "6x375mL",
    "price": "$30.00",
    "originalPrice": "$39.00",
    "savings": null,
    "specialType": "Half Price Specials"
  },
  {
    "productID": "COL313",
    "productName": "St Hugo Cabernet Sauvignon",
    "category": "Liquor",
    "brand": "St Hugo",
    "description": "750mL",
    "price": "$42.00",
    "originalPrice": "$53.00",
    "savings": null,
    "specialType": "Half Price Specials"
  },
  {
    "productID": "COL314",
    "productName": "St Hugo Shiraz",
    "category": "Liquor",
    "brand": "St Hugo",
    "description": "750mL",
    "price": "$42.00",
    "originalPrice": "$53.00",
    "savings": null,
    "specialType": "Half Price Specials"
  },
  {
    "productID": "COL315",
    "productName": "Selaks Taste Collection Buttery Chardonnay",
    "category": "Liquor",
    "brand": "Selaks",
    "description": "750mL",
    "price": "$13.00",
    "originalPrice": "$20.00",
    "savings": null,
    "specialType": "Half Price Specials"
  },
  {
    "productID": "COL316",
    "productName": "Wirra Wirra McLaren Vale Vineyards Shiraz",
    "category": "Liquor",
    "brand": "Wirra Wirra",
    "description": "750mL",
    "price": "$16.00",
    "originalPrice": "$24.00",
    "savings": null,
    "specialType": "Half Price Specials"
  },
  {
    "productID": "COL317",
    "productName": "NEW Great Northern Light Bottles",
    "category": "Liquor",
    "brand": "Great Northern",
    "description": "24x330mL",
    "price": "$42.00",
    "originalPrice": "$49.00",
    "savings": null,
    "specialType": "Half Price Specials"
  },
  {
    "productID": "COL318",
    "productName": "NEW Better Beer Zero Carb Lager Cans",
    "category": "Liquor",
    "brand": "Better Beer",
    "description": "24x355mL",
    "price": "$59.00",
    "originalPrice": "$63.00",
    "savings": null,
    "specialType": "Half Price Specials"
  },
  {
    "productID": "COL319",
    "productName": "Hahn Super Dry 3.5 Bottles",
    "category": "Liquor",
    "brand": "Hahn",
    "description": "24x330mL",
    "price": "$52.00",
    "originalPrice": "$56.00",
    "savings": null,
    "specialType": "Half Price Specials"
  },
  {
    "productID": "COL320",
    "productName": "Victoria Bitter Cans",
    "category": "Liquor",
    "brand": "Victoria Bitter",
    "description": "8x375mL",
    "price": "$23.00",
    "originalPrice": null,
    "savings": null,
    "specialType": "Every Day"
  },
  {
    "productID": "COL321",
    "productName": "Roku Japanese Gin",
    "category": "Liquor",
    "brand": "Roku",
    "description": "700mL",
    "price": "$60.00",
    "originalPrice": "$78.00",
    "savings": null,
    "specialType": "Half Price Specials"
  },
  {
    "productID": "COL322",
    "productName": "Sierra Tequila Blanco",
    "category": "Liquor",
    "brand": "Sierra",
    "description": "700mL",
    "price": "$58.00",
    "originalPrice": "$71.00",
    "savings": null,
    "specialType": "Half Price Specials"
  },
  {
    "productID": "COL323",
    "productName": "Smirnoff Red Vodka",
    "category": "Liquor",
    "brand": "Smirnoff",
    "description": "1 Litre",
    "price": "$62.00",
    "originalPrice": "$64.00",
    "savings": null,
    "specialType": "Half Price Specials"
  },
  {
    "productID": "COL324",
    "productName": "Bacardi Superior Rum",
    "category": "Liquor",
    "brand": "Bacardi",
    "description": "700mL",
    "price": "$54.00",
    "originalPrice": "$63.00",
    "savings": null,
    "specialType": "Half Price Specials"
  },
  {
    "productID": "COL325",
    "productName": "NEW Malibu Pineapple Cans",
    "category": "Liquor",
    "brand": "Malibu",
    "description": "4x250mL",
    "price": "$16.00",
    "originalPrice": "$19.00",
    "savings": null,
    "specialType": "Half Price Specials"
  },
  {
    "productID": "COL326",
    "productName": "NEW El Jimador Tequila Lime Spritz Cans",
    "category": "Liquor",
    "brand": "El Jimador",
    "description": "4x330mL",
    "price": "$23.00",
    "originalPrice": "$29.00",
    "savings": null,
    "specialType": "Half Price Specials"
  },
  {
    "productID": "COL327",
    "productName": "NEW Smirnoff Crush Passionfruit & Guava Cans",
    "category": "Liquor",
    "brand": "Smirnoff",
    "description": "4x440mL",
    "price": "$28.00",
    "originalPrice": "$33.00",
    "savings": null,
    "specialType": "Half Price Specials"
  },
  {
    "productID": "COL328",
    "productName": "Canadian Club & Dry Cans",
    "category": "Liquor",
    "brand": "Canadian Club",
    "description": "10x375mL",
    "price": "$45.00",
    "originalPrice": "$53.00",
    "savings": null,
    "specialType": "Half Price Specials"
  },
  {
    "productID": "COL329",
    "productName": "Guinness Draught Cans",
    "category": "Liquor",
    "brand": "Guinness",
    "description": "24x470mL",
    "price": "$84.00",
    "originalPrice": "$96.00",
    "savings": null,
    "specialType": "Half Price Specials"
  },
  {
    "productID": "COL330",
    "productName": "Stone & Wood Citrus Radler Cans",
    "category": "Liquor",
    "brand": "Stone & Wood",
    "description": "16x330mL",
    "price": "$58.00",
    "originalPrice": "$61.00",
    "savings": null,
    "specialType": "Half Price Specials"
  },
  {
    "productID": "COL331",
    "productName": "Balter XPA Cans",
    "category": "Liquor",
    "brand": "Balter",
    "description": "4x375mL",
    "price": "$19.00",
    "originalPrice": "$23.50",
    "savings": null,
    "specialType": "Half Price Specials"
  },
  {
    "productID": "COL332",
    "productName": "Coopers Mild Ale Cans",
    "category": "Liquor",
    "brand": "Coopers",
    "description": "6x375mL",
    "price": "$17.00",
    "originalPrice": "$20.50",
    "savings": null,
    "specialType": "Half Price Specials"
  },
  {
    "productID": "COL333",
    "productName": "Johnnie Walker Red Label Scotch Whisky",
    "category": "Liquor",
    "brand": "Johnnie Walker",
    "description": "1 Litre",
    "price": "$68.00",
    "originalPrice": "$73.00",
    "savings": null,
    "specialType": "Half Price Specials"
  },
  {
    "productID": "COL334",
    "productName": "Bundaberg UP Rum",
    "category": "Liquor",
    "brand": "Bundaberg",
    "description": "1 Litre",
    "price": "$67.00",
    "originalPrice": "$69.00",
    "savings": null,
    "specialType": "Half Price Specials"
  },
  {
    "productID": "COL335",
    "productName": "Wild Turkey Kentucky Straight Bourbon Whiskey",
    "category": "Liquor",
    "brand": "Wild Turkey",
    "description": "1 Litre",
    "price": "$75.00",
    "originalPrice": "$89.00",
    "savings": null,
    "specialType": "Half Price Specials"
  },
  {
    "productID": "COL336",
    "productName": "Jameson Irish Whiskey",
    "category": "Liquor",
    "brand": "Jameson",
    "description": "1 Litre",
    "price": "$78.00",
    "originalPrice": "$82.00",
    "savings": null,
    "specialType": "Half Price Specials"
  },
  {
    "productID": "COL337",
    "productName": "Pensilva Shiraz",
    "category": "Liquor",
    "brand": "Pensilva",
    "description": "750mL",
    "price": "$10.00",
    "originalPrice": "$20.00",
    "savings": null,
    "specialType": "Half Price Specials"
  },
  {
    "productID": "COL338",
    "productName": "Abbey Vale Chardonnay",
    "category": "Liquor",
    "brand": "Abbey Vale",
    "description": "750mL",
    "price": "$20.00",
    "originalPrice": "$27.00",
    "savings": null,
    "specialType": "Half Price Specials"
  },
  {
    "productID": "COL339",
    "productName": "Brown Brothers Prosecco NV",
    "category": "Liquor",
    "brand": "Brown Brothers",
    "description": "750mL",
    "price": "2 for $30.00",
    "originalPrice": null,
    "savings": "$10.00",
    "specialType": "Multi Buy"
  },
  {
    "productID": "COL340",
    "productName": "Summerhouse Marlborough Sauvignon Blanc",
    "category": "Liquor",
    "brand": "Summerhouse",
    "description": "750mL",
    "price": "$15.00",
    "originalPrice": "$22.00",
    "savings": null,
    "specialType": "Half Price Specials"
  },
  {
    "productID": "COL341",
    "productName": "Stella Artois Bottles",
    "category": "Liquor",
    "brand": "Stella Artois",
    "description": "6x330mL",
    "price": "$18.00",
    "originalPrice": "$22.00",
    "savings": null,
    "specialType": "Half Price Specials"
  },
  {
    "productID": "COL342",
    "productName": "James Squire Ginger Beer Cans",
    "category": "Liquor",
    "brand": "James Squire",
    "description": "6x330mL",
    "price": "$28.00",
    "originalPrice": "$30.00",
    "savings": null,
    "specialType": "Half Price Specials"
  },
  {
    "productID": "COL343",
    "productName": "Jameson Smooth Dry & Lime Cans",
    "category": "Liquor",
    "brand": "Jameson",
    "description": "4x375mL",
    "price": "$26.00",
    "originalPrice": "$29.00",
    "savings": null,
    "specialType": "Half Price Specials"
  },
  {
    "productID": "COL344",
    "productName": "Hard Rated Orange Cans",
    "category": "Liquor",
    "brand": "Hard Rated",
    "description": "10x375mL",
    "price": "$48.00",
    "originalPrice": "$54.00",
    "savings": null,
    "specialType": "Half Price Specials"
  },
  {
    "productID": "COL345",
    "productName": "Absolut Vodka",
    "category": "Liquor",
    "brand": "Absolut",
    "description": "700mL",
    "price": "$52.00",
    "originalPrice": "$57.00",
    "savings": null,
    "specialType": "Half Price Specials"
  },
  {
    "productID": "COL346",
    "productName": "Bombay Sapphire Gin",
    "category": "Liquor",
    "brand": "Bombay Sapphire",
    "description": "700mL",
    "price": "$60.00",
    "originalPrice": "$70.00",
    "savings": null,
    "specialType": "Half Price Specials"
  },
  {
    "productID": "COL347",
    "productName": "Hennessy VS Cognac",
    "category": "Liquor",
    "brand": "Hennessy",
    "description": "700mL",
    "price": "$69.00",
    "originalPrice": "$96.00",
    "savings": null,
    "specialType": "Half Price Specials"
  },
  {
    "productID": "COL348",
    "productName": "The Glenlivet Founder’s Reserve Single Malt Whisky",
    "category": "Liquor",
    "brand": "The Glenlivet",
    "description": "700mL",
    "price": "$69.00",
    "originalPrice": "$80.00",
    "savings": null,
    "specialType": "Half Price Specials"
  },
  {
    "productID": "COL349",
    "productName": "Maltesers Gift Box",
    "category": "Liquor",
    "brand": "Maltesers",
    "description": "400g, $1.94 per 100g",
    "price": "$7.75",
    "originalPrice": "$15.50",
    "savings": "$7.75",
    "specialType": "Half Price Specials"
  },
  {
    "productID": "COL350",
    "productName": "Coles Christmas Koala Biscuit",
    "category": "Liquor",
    "brand": "Coles",
    "description": "40g, $7.00 per 100g",
    "price": "$2.80",
    "originalPrice": null,
    "savings": null,
    "specialType": "Every Day"
  },
  {
    "productID": "COL351",
    "productName": "Australian Raspberries",
    "category": "Fruit & Vegetables",
    "brand": "Coles",
    "description": "125g Punnet, $40.00 per kg",
    "price": "$5.00",
    "originalPrice": null,
    "savings": null,
    "specialType": "Every Day"
  },
  {
    "productID": "COL352",
    "productName": "Gold Kiwifruit",
    "category": "Fruit & Vegetables",
    "brand": "Coles",
    "description": "4 for $6.00, $1.50 each",
    "price": "$1.50",
    "originalPrice": null,
    "savings": null,
    "specialType": "Multi Buy"
  }
]