[
  {
    "productID": "COL001",
    "productName": "Cadbury Chocolate Coated Fruit or Nut Jar",
    "category": "Pantry",
    "brand": "Cadbury",
    "description": "270g-340g",
    "price": "$6.50",
    "originalPrice": "$13.00",
    "savings": "$6.50",
    "specialType": "Half Price Specials"
  },
  {
    "productID": "COL002",
    "productName": "Peters Drumstick Cones",
    "category": "Frozen",
    "brand": "Peters",
    "description": "4 Pack-6 Pack, 475mL-490mL",
    "price": "$4.75",
    "originalPrice": "$9.50",
    "savings": "$4.75",
    "specialType": "Half Price Specials"
  },
  {
    "productID": "COL003",
    "productName": "Coca-Cola, Fanta or Sprite Soft Drink",
    "category": "Drinks",
    "brand": "Coca-Cola",
    "description": "1.25 Litre, $1.60 per litre",
    "price": "$2.00",
    "originalPrice": "$4.00",
    "savings": "$2.00",
    "specialType": "Half Price Specials"
  },
  {
    "productID": "COL004",
    "productName": "The Natural Confectionery Co.",
    "category": "Pantry",
    "brand": "The Natural Confectionery Co.",
    "description": "130g-230g",
    "price": "$2.50",
    "originalPrice": "$5.00",
    "savings": "$2.50",
    "specialType": "Half Price Specials"
  },
  {
    "productID": "COL005",
    "productName": "Cadbury Sharepack or Mars Chocolate Fun Size",
    "category": "Pantry",
    "brand": "Cadbury",
    "description": "120g-180g or 132g-192g",
    "price": "$3.50",
    "originalPrice": "$7.00",
    "savings": "$3.50",
    "specialType": "Half Price Specials"
  },
  {
    "productID": "COL006",
    "productName": "Nestlé Chocolate Fun Size or Kinder Chocolate 16 Treat Share Bag",
    "category": "Pantry",
    "brand": "Nestlé",
    "description": "127g-158g or 200g",
    "price": "$3.75",
    "originalPrice": "$7.50",
    "savings": "$3.75",
    "specialType": "Half Price Specials"
  },
  {
    "productID": "COL007",
    "productName": "Arnott's Tim Tam Biscuits",
    "category": "Pantry",
    "brand": "Arnott's",
    "description": "165g-200g",
    "price": "$3.00",
    "originalPrice": "$6.00",
    "savings": "$3.00",
    "specialType": "Half Price Specials"
  },
  {
    "productID": "COL008",
    "productName": "Nescafé Coffee Sachets",
    "category": "Pantry",
    "brand": "Nescafé",
    "description": "8 Pack-10 Pack",
    "price": "$4.00",
    "originalPrice": "$8.00",
    "savings": "$4.00",
    "specialType": "Half Price Specials"
  },
  {
    "productID": "COL009",
    "productName": "Kellogg's Nutri Grain or Special K Cereal",
    "category": "Pantry",
    "brand": "Kellogg's",
    "description": "470g or 500g",
    "price": "$4.50",
    "originalPrice": "$9.00",
    "savings": "$4.50",
    "specialType": "Half Price Specials"
  },
  {
    "productID": "COL010",
    "productName": "Coca-Cola, Fanta or Sprite Soft Drink",
    "category": "Drinks",
    "brand": "Coca-Cola",
    "description": "10x375mL, $2.67 per litre",
    "price": "$10.00",
    "originalPrice": "$20.00",
    "savings": "$10.00",
    "specialType": "Half Price Specials"
  },
  {
    "productID": "COL011",
    "productName": "I&J Raw Peeled Prawns Tail Off",
    "category": "Meat, Seafood & Deli",
    "brand": "I&J",
    "description": "500g, $24.00 per kg",
    "price": "$12.00",
    "originalPrice": "$24.00",
    "savings": "$12.00",
    "specialType": "Half Price Specials"
  },
  {
    "productID": "COL012",
    "productName": "Rexona 72hr Advanced Aerosol Deodorant",
    "category": "Health & Beauty",
    "brand": "Rexona",
    "description": "220mL, $2.39 per 100mL",
    "price": "$5.25",
    "originalPrice": "$10.50",
    "savings": "$5.25",
    "specialType": "Half Price Specials"
  },
  {
    "productID": "COL013",
    "productName": "Huggies Baby Wipes",
    "category": "Baby",
    "brand": "Huggies",
    "description": "70 Pack-80 Pack",
    "price": "$2.50",
    "originalPrice": "$5.00",
    "savings": "$2.50",
    "specialType": "Half Price Specials"
  },
  {
    "productID": "COL014",
    "productName": "Huggies Ultra Dry Bulk Nappy Pants",
    "category": "Baby",
    "brand": "Huggies",
    "description": "24 Pack-36 Pack",
    "price": "$11.00",
    "originalPrice": "$22.00",
    "savings": "$11.00",
    "specialType": "Half Price Specials"
  },
  {
    "productID": "COL015",
    "productName": "Coles Australian Lamb Loin Chops",
    "category": "Meat, Seafood & Deli",
    "brand": "Coles",
    "description": "$26.00 per kg",
    "price": "$26.00",
    "originalPrice": "$33.00",
    "savings": "$7.00",
    "specialType": "Half Price Specials"
  },
  {
    "productID": "COL016",
    "productName": "Mars or Snickers Chocolate Bar",
    "category": "Pantry",
    "brand": "Mars",
    "description": "44g-47g",
    "price": "$1.25",
    "originalPrice": "$2.50",
    "savings": "$1.25",
    "specialType": "Half Price Specials"
  },
  {
    "productID": "COL017",
    "productName": "Nestlé Chocolate Bar",
    "category": "Pantry",
    "brand": "Nestlé",
    "description": "35g-50g",
    "price": "$1.50",
    "originalPrice": "$3.00",
    "savings": "$1.50",
    "specialType": "Half Price Specials"
  },
  {
    "productID": "COL018",
    "productName": "Haribo",
    "category": "Pantry",
    "brand": "Haribo",
    "description": "140g-150g",
    "price": "$2.00",
    "originalPrice": "$4.00",
    "savings": "$2.00",
    "specialType": "Half Price Specials"
  },
  {
    "productID": "COL019",
    "productName": "Twisties, Burger Rings or Cheetos",
    "category": "Pantry",
    "brand": "Smith's",
    "description": "65g-90g",
    "price": "$1.35",
    "originalPrice": "$2.70",
    "savings": "$1.35",
    "specialType": "Half Price Specials"
  },
  {
    "productID": "COL020",
    "productName": "Popcorners",
    "category": "Pantry",
    "brand": "Popcorners",
    "description": "130g, $1.85 per 100g",
    "price": "$2.40",
    "originalPrice": "$4.80",
    "savings": "$2.40",
    "specialType": "Half Price Specials"
  },
  {
    "productID": "COL021",
    "productName": "Vege Chips or Rice Crackers",
    "category": "Pantry",
    "brand": "Coles",
    "description": "100g or 75g",
    "price": "$2.45",
    "originalPrice": "$4.90",
    "savings": "$2.45",
    "specialType": "Half Price Specials"
  },
  {
    "productID": "COL022",
    "productName": "Doritos or XXL Corn Chips",
    "category": "Pantry",
    "brand": "Doritos",
    "description": "150g-170g",
    "price": "$2.50",
    "originalPrice": "$5.00",
    "savings": "$2.50",
    "specialType": "Half Price Specials"
  },
  {
    "productID": "COL023",
    "productName": "Oreo Mini Creme Cookies",
    "category": "Pantry",
    "brand": "Oreo",
    "description": "10 Pack 204g, $1.23 per 100g",
    "price": "$2.50",
    "originalPrice": "$5.00",
    "savings": "$2.50",
    "specialType": "Half Price Specials"
  },
  {
    "productID": "COL024",
    "productName": "Pascall Jubes or Sour Patch",
    "category": "Pantry",
    "brand": "Pascall",
    "description": "300g or 190g",
    "price": "$2.50",
    "originalPrice": "$5.00",
    "savings": "$2.50",
    "specialType": "Half Price Specials"
  },
  {
    "productID": "COL025",
    "productName": "Schweppes Mixers or Soft Drink",
    "category": "Drinks",
    "brand": "Schweppes",
    "description": "1.1 Litre, $1.36 per litre",
    "price": "$1.50",
    "originalPrice": "$3.00",
    "savings": "$1.50",
    "specialType": "Half Price Specials"
  },
  {
    "productID": "COL026",
    "productName": "Gatorade Sports Drink or G Active Water",
    "category": "Drinks",
    "brand": "Gatorade",
    "description": "600mL, $3.50 per litre",
    "price": "$2.10",
    "originalPrice": "$4.20",
    "savings": "$2.10",
    "specialType": "Half Price Specials"
  },
  {
    "productID": "COL027",
    "productName": "Golden Circle Zero Sugar Cordial",
    "category": "Drinks",
    "brand": "Golden Circle",
    "description": "2 Litre, $1.38 per litre",
    "price": "$2.75",
    "originalPrice": "$5.50",
    "savings": "$2.75",
    "specialType": "Half Price Specials"
  },
  {
    "productID": "COL028",
    "productName": "Sunrice Plain Microwave Rice Cup or Pouch",
    "category": "Pantry",
    "brand": "Sunrice",
    "description": "240g-250g",
    "price": "$1.75",
    "originalPrice": "$3.50",
    "savings": "$1.75",
    "specialType": "Half Price Specials"
  },
  {
    "productID": "COL029",
    "productName": "The Spice Tailor Asian or Indian Kit",
    "category": "Pantry",
    "brand": "The Spice Tailor",
    "description": "225g-300g",
    "price": "$3.35",
    "originalPrice": "$6.70",
    "savings": "$3.35",
    "specialType": "Half Price Specials"
  },
  {
    "productID": "COL030",
    "productName": "Praise Squeeze Whole Egg Mayonnaise",
    "category": "Pantry",
    "brand": "Praise",
    "description": "470g-500g",
    "price": "$4.00",
    "originalPrice": "$8.00",
    "savings": "$4.00",
    "specialType": "Half Price Specials"
  },
  {
    "productID": "COL031",
    "productName": "Plumrose Leg Ham",
    "category": "Meat, Seafood & Deli",
    "brand": "Plumrose",
    "description": "450g, $15.56 per kg",
    "price": "$7.00",
    "originalPrice": "$14.00",
    "savings": "$7.00",
    "specialType": "Half Price Specials"
  },
  {
    "productID": "COL032",
    "productName": "Gold Sunset Canola or Vegetable Oil",
    "category": "Pantry",
    "brand": "Gold Sunset",
    "description": "4 Litre, $0.38 per 100mL",
    "price": "$15.00",
    "originalPrice": "$30.00",
    "savings": "$15.00",
    "specialType": "Half Price Specials"
  },
  {
    "productID": "COL033",
    "productName": "Sunrice Premium Jasmine or Basmati Rice",
    "category": "Pantry",
    "brand": "Sunrice",
    "description": "5kg, $0.35 per 100g",
    "price": "$17.50",
    "originalPrice": "$35.00",
    "savings": "$17.50",
    "specialType": "Half Price Specials"
  },
  {
    "productID": "COL034",
    "productName": "Maltesers Gift Box",
    "category": "Pantry",
    "brand": "Maltesers",
    "description": "400g, $1.94 per 100g",
    "price": "$7.75",
    "originalPrice": "$15.50",
    "savings": "$7.75",
    "specialType": "Half Price Specials"
  },
  {
    "productID": "COL035",
    "productName": "Darrell Lea Rocklea Road",
    "category": "Pantry",
    "brand": "Darrell Lea",
    "description": "250g-290g",
    "price": "$9.00",
    "originalPrice": "$18.00",
    "savings": "$9.00",
    "specialType": "Half Price Specials"
  },
  {
    "productID": "COL036",
    "productName": "Cadbury Favourites Ultimate Share",
    "category": "Pantry",
    "brand": "Cadbury",
    "description": "700g, $2.14 per 100g",
    "price": "$15.00",
    "originalPrice": "$30.00",
    "savings": "$15.00",
    "specialType": "Half Price Specials"
  },
  {
    "productID": "COL037",
    "productName": "Cadbury Roses Tin",
    "category": "Pantry",
    "brand": "Cadbury",
    "description": "485g, $3.09 per 100g",
    "price": "$15.00",
    "originalPrice": "$30.00",
    "savings": "$15.00",
    "specialType": "Half Price Specials"
  },
  {
    "productID": "COL038",
    "productName": "Cadbury Favourites Games Tin",
    "category": "Pantry",
    "brand": "Cadbury",
    "description": "549g, $2.73 per 100g",
    "price": "$15.00",
    "originalPrice": "$30.00",
    "savings": "$15.00",
    "specialType": "Half Price Specials"
  },
  {
    "productID": "COL039",
    "productName": "Ferrero Collection Gift Box",
    "category": "Pantry",
    "brand": "Ferrero",
    "description": "24 Pack 269g, $5.95 per 100g",
    "price": "$16.00",
    "originalPrice": "$32.00",
    "savings": "$16.00",
    "specialType": "Half Price Specials"
  },
  {
    "productID": "COL040",
    "productName": "Ferrero Rocher Gift Box",
    "category": "Pantry",
    "brand": "Ferrero",
    "description": "30 Pack 375g, $4.27 per 100g",
    "price": "$16.00",
    "originalPrice": "$32.00",
    "savings": "$16.00",
    "specialType": "Half Price Specials"
  },
  {
    "productID": "COL041",
    "productName": "Lindt Lindor Cornet",
    "category": "Pantry",
    "brand": "Lindt",
    "description": "327g-333g",
    "price": "$17.00",
    "originalPrice": "$34.00",
    "savings": "$17.00",
    "specialType": "Half Price Specials"
  },
  {
    "productID": "COL042",
    "productName": "Lindt Lindor Limited Edition Round Tin",
    "category": "Pantry",
    "brand": "Lindt",
    "description": "396g, $5.56 per 100g",
    "price": "$22.00",
    "originalPrice": "$44.00",
    "savings": "$22.00",
    "specialType": "Half Price Specials"
  },
  {
    "productID": "COL043",
    "productName": "Halloween Pail",
    "category": "Seasonal",
    "brand": "Coles",
    "description": "",
    "price": "$1.00",
    "originalPrice": null,
    "savings": null,
    "specialType": "Regular"
  },
  {
    "productID": "COL044",
    "productName": "Halloween Bat Keyring",
    "category": "Seasonal",
    "brand": "Coles",
    "description": "",
    "price": "$8.00",
    "originalPrice": null,
    "savings": null,
    "specialType": "Regular"
  },
  {
    "productID": "COL045",
    "productName": "Halloween Treat Bags",
    "category": "Seasonal",
    "brand": "Coles",
    "description": "15 Pack",
    "price": "$3.00",
    "originalPrice": null,
    "savings": null,
    "specialType": "Regular"
  },
  {
    "productID": "COL046",
    "productName": "Halloween Headband",
    "category": "Seasonal",
    "brand": "Coles",
    "description": "",
    "price": "$3.00",
    "originalPrice": null,
    "savings": null,
    "specialType": "Regular"
  },
  {
    "productID": "COL047",
    "productName": "Spider Web Lights with Spider",
    "category": "Seasonal",
    "brand": "Coles",
    "description": "",
    "price": "$12.00",
    "originalPrice": null,
    "savings": null,
    "specialType": "Regular"
  },
  {
    "productID": "COL048",
    "productName": "Skeleton Mask",
    "category": "Seasonal",
    "brand": "Coles",
    "description": "",
    "price": "$3.00",
    "originalPrice": null,
    "savings": null,
    "specialType": "Regular"
  },
  {
    "productID": "COL049",
    "productName": "Witch Hat Headband",
    "category": "Seasonal",
    "brand": "Coles",
    "description": "",
    "price": "$5.00",
    "originalPrice": null,
    "savings": null,
    "specialType": "Regular"
  },
  {
    "productID": "COL050",
    "productName": "Beady Buds",
    "category": "Seasonal",
    "brand": "Coles",
    "description": "",
    "price": "$8.00",
    "originalPrice": null,
    "savings": null,
    "specialType": "Regular"
  },
  {
    "productID": "COL051",
    "productName": "Halloween Yard Stake",
    "category": "Seasonal",
    "brand": "Coles",
    "description": "",
    "price": "$3.00",
    "originalPrice": null,
    "savings": null,
    "specialType": "Regular"
  },
  {
    "productID": "COL052",
    "productName": "Make Up Kit Deluxe",
    "category": "Seasonal",
    "brand": "Coles",
    "description": "",
    "price": "$5.00",
    "originalPrice": null,
    "savings": null,
    "specialType": "Regular"
  },
  {
    "productID": "COL053",
    "productName": "Halloween Blood Bandages",
    "category": "Seasonal",
    "brand": "Coles",
    "description": "",
    "price": "$3.00",
    "originalPrice": null,
    "savings": null,
    "specialType": "Regular"
  },
  {
    "productID": "COL054",
    "productName": "Coles Halloween Gummy Sour Spiders",
    "category": "Pantry",
    "brand": "Coles",
    "description": "300g, $1.67 per 100g",
    "price": "$5.00",
    "originalPrice": null,
    "savings": null,
    "specialType": "Regular"
  },
  {
    "productID": "COL055",
    "productName": "Coles Halloween Biscuit",
    "category": "Pantry",
    "brand": "Coles",
    "description": "40g, $2.50 per 100g",
    "price": "$1.00",
    "originalPrice": "$2.50",
    "savings": "$1.50",
    "specialType": "Half Price Specials"
  },
  {
    "productID": "COL056",
    "productName": "Coles Halloween Spooky Biscuits",
    "category": "Pantry",
    "brand": "Coles",
    "description": "15 Pack 150g, $2.53 per 100g",
    "price": "$3.80",
    "originalPrice": "$6.50",
    "savings": "$2.70",
    "specialType": "Half Price Specials"
  },
  {
    "productID": "COL057",
    "productName": "Arnott's Shapes or Tiny Teddy",
    "category": "Pantry",
    "brand": "Arnott's",
    "description": "15 Pack 375g, $1.60 per 100g",
    "price": "$6.00",
    "originalPrice": null,
    "savings": null,
    "specialType": "Every Day"
  },
  {
    "productID": "COL058",
    "productName": "Smith's Potato Chips or Fun Mix",
    "category": "Pantry",
    "brand": "Smith's",
    "description": "20 Pack 368g-416g",
    "price": "2 for $15.00",
    "originalPrice": null,
    "savings": "$2.80",
    "specialType": "Multi-buy"
  },
  {
    "productID": "COL059",
    "productName": "Spider Web With Fluffy Spider",
    "category": "Seasonal",
    "brand": "Coles",
    "description": "",
    "price": "$8.00",
    "originalPrice": null,
    "savings": null,
    "specialType": "Regular"
  },
  {
    "productID": "COL060",
    "productName": "Halloween Novelty Bowl",
    "category": "Seasonal",
    "brand": "Coles",
    "description": "",
    "price": "$12.00",
    "originalPrice": null,
    "savings": null,
    "specialType": "Regular"
  },
  {
    "productID": "COL061",
    "productName": "Spider Web Table Runner",
    "category": "Seasonal",
    "brand": "Coles",
    "description": "",
    "price": "$4.00",
    "originalPrice": null,
    "savings": null,
    "specialType": "Regular"
  },
  {
    "productID": "COL062",
    "productName": "Hanging Paper Bats",
    "category": "Seasonal",
    "brand": "Coles",
    "description": "10 Pack",
    "price": "$6.00",
    "originalPrice": null,
    "savings": null,
    "specialType": "Regular"
  },
  {
    "productID": "COL063",
    "productName": "Felt Bunting",
    "category": "Seasonal",
    "brand": "Coles",
    "description": "",
    "price": "$8.00",
    "originalPrice": null,
    "savings": null,
    "specialType": "Regular"
  },
  {
    "productID": "COL064",
    "productName": "Paper Cups",
    "category": "Seasonal",
    "brand": "Coles",
    "description": "10 Pack",
    "price": "$3.00",
    "originalPrice": null,
    "savings": null,
    "specialType": "Regular"
  },
  {
    "productID": "COL065",
    "productName": "Halloween Placemat",
    "category": "Seasonal",
    "brand": "Coles",
    "description": "",
    "price": "$3.00",
    "originalPrice": null,
    "savings": null,
    "specialType": "Regular"
  },
  {
    "productID": "COL066",
    "productName": "Character Paper Plates or Halloween Serviettes",
    "category": "Seasonal",
    "brand": "Coles",
    "description": "10 Pack or 20 Pack",
    "price": "$3.00",
    "originalPrice": null,
    "savings": null,
    "specialType": "Regular"
  },
  {
    "productID": "COL067",
    "productName": "Pumpkin Carving Kit",
    "category": "Seasonal",
    "brand": "Coles",
    "description": "",
    "price": "$4.00",
    "originalPrice": null,
    "savings": null,
    "specialType": "Regular"
  },
  {
    "productID": "COL068",
    "productName": "Witches Brew Cauldron Mug",
    "category": "Seasonal",
    "brand": "Coles",
    "description": "",
    "price": "$10.00",
    "originalPrice": null,
    "savings": null,
    "specialType": "Regular"
  },
  {
    "productID": "COL069",
    "productName": "Halloween Silicone Mould",
    "category": "Seasonal",
    "brand": "Coles",
    "description": "",
    "price": "$5.00",
    "originalPrice": null,
    "savings": null,
    "specialType": "Regular"
  },
  {
    "productID": "COL070",
    "productName": "Australian Jack O Lantern Pumpkin",
    "category": "Fruit & Vegetables",
    "brand": "Coles",
    "description": "$3.50 per kg",
    "price": "$3.50",
    "originalPrice": null,
    "savings": null,
    "specialType": "Regular"
  },
  {
    "productID": "COL071",
    "productName": "Australian Mini Jack Pumpkin",
    "category": "Fruit & Vegetables",
    "brand": "Coles",
    "description": "$3.00 per each",
    "price": "$3.00",
    "originalPrice": null,
    "savings": null,
    "specialType": "Regular"
  },
  {
    "productID": "COL072",
    "productName": "Coles Halloween RSPCA Approved Chicken Scary Vampire Wings, Vampire Burgers, Monster Pizza or Chicken Spooky Spiders",
    "category": "Meat, Seafood & Deli",
    "brand": "Coles",
    "description": "1kg, 300g, 500g or 400g",
    "price": "$8.00",
    "originalPrice": null,
    "savings": null,
    "specialType": "Regular"
  },
  {
    "productID": "COL073",
    "productName": "Gillette Venus Comfortglide White Tea Razor with 2 Refill Blades",
    "category": "Health & Beauty",
    "brand": "Gillette",
    "description": "1 Each, $9.00 per each",
    "price": "$9.00",
    "originalPrice": "$18.00",
    "savings": "$9.00",
    "specialType": "Half Price Specials"
  },
  {
    "productID": "COL074",
    "productName": "Gem Skin-loving Shave Kit",
    "category": "Health & Beauty",
    "brand": "Gem",
    "description": "1 Each, $10.00 per each",
    "price": "$10.00",
    "originalPrice": "$20.00",
    "savings": "$10.00",
    "specialType": "Half Price Specials"
  },
  {
    "productID": "COL075",
    "productName": "Schick Intuition Lemon Berry Refill Blades",
    "category": "Health & Beauty",
    "brand": "Schick",
    "description": "6 Pack, $2.25 per each",
    "price": "$13.50",
    "originalPrice": "$27.00",
    "savings": "$13.50",
    "specialType": "Half Price Specials"
  },
  {
    "productID": "COL076",
    "productName": "Listerine Freshburst or Freshburst Zero Mouthwash",
    "category": "Health & Beauty",
    "brand": "Listerine",
    "description": "500mL, $0.80 per 100mL",
    "price": "$4.00",
    "originalPrice": "$8.00",
    "savings": "$4.00",
    "specialType": "Half Price Specials"
  },
  {
    "productID": "COL077",
    "productName": "Swisse Ultiboost Iron Tablets",
    "category": "Health & Wellness",
    "brand": "Swisse",
    "description": "30 Pack, $25.00 per 100 each",
    "price": "$7.50",
    "originalPrice": "$15.00",
    "savings": "$7.50",
    "specialType": "Half Price Specials"
  },
  {
    "productID": "COL078",
    "productName": "Swisse Ultiboost Magnesium Tablets",
    "category": "Health & Wellness",
    "brand": "Swisse",
    "description": "200 Pack, $12.38 per 100 each",
    "price": "$24.75",
    "originalPrice": "$49.50",
    "savings": "$24.75",
    "specialType": "Half Price Specials"
  },
  {
    "productID": "COL079",
    "productName": "Nature's Own Glucosamine Sulfate with Chondroitin Tablets",
    "category": "Health & Wellness",
    "brand": "Nature's Own",
    "description": "200 Pack, $9.00 per 100 each",
    "price": "$18.00",
    "originalPrice": "$36.00",
    "savings": "$18.00",
    "specialType": "Half Price Specials"
  },
  {
    "productID": "COL080",
    "productName": "Ostelin Calcium & Vitamin D3 + K2 Tablets",
    "category": "Health & Wellness",
    "brand": "Ostelin",
    "description": "60 Pack, $34.17 per 100 each",
    "price": "$20.50",
    "originalPrice": "$41.00",
    "savings": "$20.50",
    "specialType": "Half Price Specials"
  },
  {
    "productID": "COL081",
    "productName": "Oral B iO2 Electric Toothbrush",
    "category": "Health & Beauty",
    "brand": "Oral B",
    "description": "White or Black 1 Pack, $80.00 per each",
    "price": "$80.00",
    "originalPrice": "$160.00",
    "savings": "$80.00",
    "specialType": "Half Price Specials"
  },
  {
    "productID": "COL082",
    "productName": "Nivea Rich Nourishing Body Lotion",
    "category": "Health & Beauty",
    "brand": "Nivea",
    "description": "400mL, $1.19 per 100mL",
    "price": "$4.75",
    "originalPrice": "$9.50",
    "savings": "$4.75",
    "specialType": "Half Price Specials"
  },
  {
    "productID": "COL083",
    "productName": "Nivea Refreshing Wash Gel",
    "category": "Health & Beauty",
    "brand": "Nivea",
    "description": "150mL, $4.33 per 100mL",
    "price": "$6.50",
    "originalPrice": "$13.00",
    "savings": "$6.50",
    "specialType": "Half Price Specials"
  },
  {
    "productID": "COL084",
    "productName": "Nivea Sun Protect & Moisture Sunscreen SPF50+",
    "category": "Health & Beauty",
    "brand": "Nivea",
    "description": "400mL, $3.50 per 100mL",
    "price": "$14.00",
    "originalPrice": "$28.00",
    "savings": "$14.00",
    "specialType": "Half Price Specials"
  },
  {
    "productID": "COL085",
    "productName": "Brut Original Antiperspirant Deodorant or Body Spray Deodorant",
    "category": "Health & Beauty",
    "brand": "Brut",
    "description": "212mL or 130g",
    "price": "$3.75",
    "originalPrice": "$7.50",
    "savings": "$3.75",
    "specialType": "Half Price Specials"
  },
  {
    "productID": "COL086",
    "productName": "David Beckham Body Spray",
    "category": "Health & Beauty",
    "brand": "David Beckham",
    "description": "150mL, $3.00 per 100mL",
    "price": "$4.50",
    "originalPrice": "$9.00",
    "savings": "$4.50",
    "specialType": "Half Price Specials"
  },
  {
    "productID": "COL087",
    "productName": "Nivea Gentle Cleansing Cream Wash",
    "category": "Health & Beauty",
    "brand": "Nivea",
    "description": "150mL, $4.33 per 100mL",
    "price": "$6.50",
    "originalPrice": "$13.00",
    "savings": "$6.50",
    "specialType": "Half Price Specials"
  },
  {
    "productID": "COL088",
    "productName": "Bondi Sands Gradual Tanning Milk",
    "category": "Health & Beauty",
    "brand": "Bondi Sands",
    "description": "375mL, $2.93 per 100mL",
    "price": "$11.00",
    "originalPrice": "$22.00",
    "savings": "$11.00",
    "specialType": "Half Price Specials"
  },
  {
    "productID": "COL089",
    "productName": "Head & Shoulders Shampoo or Conditioner",
    "category": "Health & Beauty",
    "brand": "Head & Shoulders",
    "description": "850mL, $1.53 per 100mL",
    "price": "$13.00",
    "originalPrice": "$26.00",
    "savings": "$13.00",
    "specialType": "Half Price Specials"
  },
  {
    "productID": "COL090",
    "productName": "Rimmel Lasting Finish 35H Foundation",
    "category": "Health & Beauty",
    "brand": "Rimmel",
    "description": "30mL, $4.50 per 10mL",
    "price": "$13.50",
    "originalPrice": "$27.00",
    "savings": "$13.50",
    "specialType": "Half Price Specials"
  },
  {
    "productID": "COL091",
    "productName": "Bref In The Bowl Toilet Cleaner or Bref Liquid Toilet Cleaner",
    "category": "Household",
    "brand": "Bref",
    "description": "42g-50g or 600mL-700mL",
    "price": "$3.50",
    "originalPrice": "$7.00",
    "savings": "$3.50",
    "specialType": "Half Price Specials"
  },
  {
    "productID": "COL092",
    "productName": "Glen 20 Disinfectant Spray",
    "category": "Household",
    "brand": "Glen 20",
    "description": "300g, $1.58 per 100g",
    "price": "$4.75",
    "originalPrice": "$9.50",
    "savings": "$4.75",
    "specialType": "Half Price Specials"
  },
  {
    "productID": "COL093",
    "productName": "Scentory Room Spray",
    "category": "Household",
    "brand": "Scentory",
    "description": "250mL, $2.00 per 100mL",
    "price": "$5.00",
    "originalPrice": "$10.00",
    "savings": "$5.00",
    "specialType": "Half Price Specials"
  },
  {
    "productID": "COL094",
    "productName": "Biozet Attack Regular Laundry Liquid or Powder",
    "category": "Household",
    "brand": "Biozet",
    "description": "2 Litre or 2kg",
    "price": "$12.00",
    "originalPrice": "$24.00",
    "savings": "$12.00",
    "specialType": "Half Price Specials"
  },
  {
    "productID": "COL095",
    "productName": "Downy Unstopables In-Wash Scent Booster Beads",
    "category": "Household",
    "brand": "Downy",
    "description": "422g, $36.73 per kg",
    "price": "$15.50",
    "originalPrice": "$31.00",
    "savings": "$15.50",
    "specialType": "Half Price Specials"
  },
  {
    "productID": "COL096",
    "productName": "Botanica by Air Wick Wax Blended Candle",
    "category": "Household",
    "brand": "Air Wick",
    "description": "1 Each, $17.50 per each",
    "price": "$17.50",
    "originalPrice": "$35.00",
    "savings": "$17.50",
    "specialType": "Half Price Specials"
  },
  {
    "productID": "COL097",
    "productName": "Vanish NapiSan Gold Pro Turbo Stain Remover Powder",
    "category": "Household",
    "brand": "Vanish",
    "description": "2kg, $9.00 per kg",
    "price": "$18.00",
    "originalPrice": "$36.00",
    "savings": "$18.00",
    "specialType": "Half Price Specials"
  },
  {
    "productID": "COL098",
    "productName": "Omo Ultimate Laundry Liquid or Powder",
    "category": "Household",
    "brand": "Omo",
    "description": "2 Litre or 2kg",
    "price": "$18.00",
    "originalPrice": "$36.00",
    "savings": "$18.00",
    "specialType": "Half Price Specials"
  },
  {
    "productID": "COL099",
    "productName": "Mortein PowerGard DIY Indoor & Outdoor Surface Spray",
    "category": "Household",
    "brand": "Mortein",
    "description": "2 Litre, $1.00 per 100mL",
    "price": "$20.00",
    "originalPrice": "$40.00",
    "savings": "$20.00",
    "specialType": "Half Price Specials"
  },
  {
    "productID": "COL100",
    "productName": "Coles Bakery Stone Baked by Laurent Mini Pane di Casa",
    "category": "Bread & Bakery",
    "brand": "Coles",
    "description": "$2.50 per each",
    "price": "$2.50",
    "originalPrice": "$3.25",
    "savings": "$0.75",
    "specialType": "Down Down"
  },
  {
    "productID": "COL101",
    "productName": "Coles Kitchen Asian Style Salad Kit or Caesar Salad Kit",
    "category": "Dairy, Eggs & Meals",
    "brand": "Coles",
    "description": "350g or 290g",
    "price": "2 for $9.00",
    "originalPrice": null,
    "savings": "$2.00",
    "specialType": "Multi-buy"
  },
  {
    "productID": "COL102",
    "productName": "Coles Australian No Added Hormones Beef Scotch Fillet Steak",
    "category": "Meat, Seafood & Deli",
    "brand": "Coles",
    "description": "2 Pack 480g, $37.50 per kg",
    "price": "$18.00",
    "originalPrice": "$21.00",
    "savings": "$3.00",
    "specialType": "Half Price Specials"
  },
  {
    "productID": "COL103",
    "productName": "Arnott's Vita-Weat or Cruskits Crispbreads",
    "category": "Pantry",
    "brand": "Arnott's",
    "description": "125g-250g",
    "price": "2 for $6.00",
    "originalPrice": null,
    "savings": "$2.00",
    "specialType": "Multi-buy"
  },
  {
    "productID": "COL104",
    "productName": "Coca-Cola Soft Drink",
    "category": "Drinks",
    "brand": "Coca-Cola",
    "description": "15x250mL, $4.00 per litre",
    "price": "$15.00",
    "originalPrice": null,
    "savings": null,
    "specialType": "Every Day"
  },
  {
    "productID": "COL105",
    "productName": "Ocean Blue Smoked Salmon",
    "category": "Meat, Seafood & Deli",
    "brand": "Ocean Blue",
    "description": "300g, $53.33 per kg",
    "price": "$16.00",
    "originalPrice": "$19.00",
    "savings": "$3.00",
    "specialType": "Half Price Specials"
  },
  {
    "productID": "COL106",
    "productName": "Coles Pre-Packed Antipasto",
    "category": "Meat, Seafood & Deli",
    "brand": "Coles",
    "description": "110g-135g",
    "price": "2 for $6.50",
    "originalPrice": null,
    "savings": "$1.00",
    "specialType": "Multi-buy"
  },
  {
    "productID": "COL107",
    "productName": "Yumi's Dip",
    "category": "Pantry",
    "brand": "Yumi's",
    "description": "200g, $1.75 per 100g",
    "price": "$3.50",
    "originalPrice": "$4.50",
    "savings": "$1.00",
    "specialType": "Half Price Specials"
  },
  {
    "productID": "COL108",
    "productName": "Bhuja Mix",
    "category": "Pantry",
    "brand": "Bhuja",
    "description": "140g-160g",
    "price": "$3.00",
    "originalPrice": "$4.50",
    "savings": "$1.50",
    "specialType": "Half Price Specials"
  },
  {
    "productID": "COL109",
    "productName": "Nuffin Dip",
    "category": "Pantry",
    "brand": "Nuffin",
    "description": "200g, $2.00 per 100g",
    "price": "$4.00",
    "originalPrice": "$5.00",
    "savings": "$1.00",
    "specialType": "Half Price Specials"
  },
  {
    "productID": "COL110",
    "productName": "Red Rock Deli Dip",
    "category": "Pantry",
    "brand": "Red Rock Deli",
    "description": "130g-135g",
    "price": "$4.00",
    "originalPrice": "$5.00",
    "savings": "$1.00",
    "specialType": "Half Price Specials"
  },
  {
    "productID": "COL111",
    "productName": "Mersey Valley Cheese",
    "category": "Dairy, Eggs & Meals",
    "brand": "Mersey Valley",
    "description": "235g, $29.36 per kg",
    "price": "$6.90",
    "originalPrice": "$9.90",
    "savings": "$3.00",
    "specialType": "Half Price Specials"
  },
  {
    "productID": "COL112",
    "productName": "Arnott's Shapes Crackers",
    "category": "Pantry",
    "brand": "Arnott's",
    "description": "130g-190g",
    "price": "2 for $6.00",
    "originalPrice": null,
    "savings": "$2.00",
    "specialType": "Multi-buy"
  },
  {
    "productID": "COL113",
    "productName": "Tasmanian Heritage Trilogy",
    "category": "Dairy, Eggs & Meals",
    "brand": "Tasmanian Heritage",
    "description": "140g, $46.43 per kg",
    "price": "$6.50",
    "originalPrice": null,
    "savings": null,
    "specialType": "Every Day"
  },
  {
    "productID": "COL114",
    "productName": "South Cape Brie",
    "category": "Dairy, Eggs & Meals",
    "brand": "South Cape",
    "description": "200g, $34.00 per kg",
    "price": "$6.80",
    "originalPrice": null,
    "savings": null,
    "specialType": "Every Day"
  },
  {
    "productID": "COL115",
    "productName": "Smithy's Gold Block Cans",
    "category": "Liquor",
    "brand": "Smithy's",
    "description": "30x375mL",
    "price": "$46.90",
    "originalPrice": null,
    "savings": null,
    "specialType": "Every Day low price"
  },
  {
    "productID": "COL116",
    "productName": "Coles Australian Green Asparagus Bunch",
    "category": "Fruit & Vegetables",
    "brand": "Coles",
    "description": "$1.00 per each",
    "price": "$1.00",
    "originalPrice": null,
    "savings": null,
    "specialType": "Regular"
  },
  {
    "productID": "COL117",
    "productName": "Australian Butternut Pumpkin",
    "category": "Fruit & Vegetables",
    "brand": "Coles",
    "description": "$2.90 per kg",
    "price": "$2.90",
    "originalPrice": null,
    "savings": null,
    "specialType": "Regular"
  },
  {
    "productID": "COL118",
    "productName": "Australian Eureka Blueberries",
    "category": "Fruit & Vegetables",
    "brand": "Eureka",
    "description": "200g Punnet, $27.50 per kg",
    "price": "$5.50",
    "originalPrice": null,
    "savings": null,
    "specialType": "Regular"
  },
  {
    "productID": "COL119",
    "productName": "Australian Afourer Mandarins",
    "category": "Fruit & Vegetables",
    "brand": "Coles",
    "description": "$3.70 per kg",
    "price": "$3.70",
    "originalPrice": null,
    "savings": null,
    "specialType": "Regular"
  },
  {
    "productID": "COL120",
    "productName": "Coles Australian White Cup or Sliced Mushrooms",
    "category": "Fruit & Vegetables",
    "brand": "Coles",
    "description": "500g Pack, $12.60 per kg",
    "price": "$6.30",
    "originalPrice": null,
    "savings": null,
    "specialType": "Regular"
  },
  {
    "productID": "COL121",
    "productName": "Australian Bravo Apples",
    "category": "Fruit & Vegetables",
    "brand": "Coles",
    "description": "$5.90 per kg",
    "price": "$5.90",
    "originalPrice": null,
    "savings": null,
    "specialType": "Regular"
  },
  {
    "productID": "COL122",
    "productName": "Coles Australian Dry Roasted, Natural or Roasted & Salted Almonds",
    "category": "Pantry",
    "brand": "Coles",
    "description": "750g Pack, $18.67 per kg",
    "price": "$14.00",
    "originalPrice": "$16.00",
    "savings": "$2.00",
    "specialType": "Half Price Specials"
  },
  {
    "productID": "COL123",
    "productName": "Coles Australian Baby Broccoli Bunch",
    "category": "Fruit & Vegetables",
    "brand": "Coles",
    "description": "Single Sell $2.70 each, 2 for $4.00",
    "price": "$2.00",
    "originalPrice": "$2.70",
    "savings": "$0.70",
    "specialType": "Multi-buy"
  },
  {
    "productID": "COL124",
    "productName": "Coles RSPCA Approved Crumbed Chicken Schnitzel",
    "category": "Meat, Seafood & Deli",
    "brand": "Coles",
    "description": "$1.50 per each",
    "price": "$1.50",
    "originalPrice": "$3.00",
    "savings": "$1.50",
    "specialType": "Half Price Specials"
  },
  {
    "productID": "COL125",
    "productName": "Riverview Farms Australian Hot Roast Pork",
    "category": "Meat, Seafood & Deli",
    "brand": "Riverview Farms",
    "description": "$19.50 per each",
    "price": "$19.50",
    "originalPrice": "$23.00",
    "savings": "$3.50",
    "specialType": "Half Price Specials"
  },
  {
    "productID": "COL126",
    "productName": "Coles Australian Made Champagne Ham",
    "category": "Meat, Seafood & Deli",
    "brand": "Coles",
    "description": "$20.00 per kg, $2 per 100g",
    "price": "$20.00",
    "originalPrice": "$24.00",
    "savings": "$4.00",
    "specialType": "Half Price Specials"
  },
  {
    "productID": "COL127",
    "productName": "Hans Hungarian Salami",
    "category": "Meat, Seafood & Deli",
    "brand": "Hans",
    "description": "$25.00 per kg, $2.50 per 100g",
    "price": "$25.00",
    "originalPrice": "$36.00",
    "savings": "$11.00",
    "specialType": "Half Price Specials"
  },
  {
    "productID": "COL128",
    "productName": "Coles Australian Fresh Barramundi Portions Skin On",
    "category": "Meat, Seafood & Deli",
    "brand": "Coles",
    "description": "$26.00 per kg",
    "price": "$26.00",
    "originalPrice": "$36.00",
    "savings": "$10.00",
    "specialType": "Half Price Specials"
  },
  {
    "productID": "COL129",
    "productName": "Coles Tasmanian Fresh Salmon Skin On Portions",
    "category": "Meat, Seafood & Deli",
    "brand": "Coles",
    "description": "$30.00 per kg",
    "price": "$30.00",
    "originalPrice": "$44.00",
    "savings": "$14.00",
    "specialType": "Half Price Specials"
  },
  {
    "productID": "COL130",
    "productName": "Primo Middle Bacon",
    "category": "Meat, Seafood & Deli",
    "brand": "Primo",
    "description": "$9.50 per kg, 95¢ per 100g",
    "price": "$9.50",
    "originalPrice": "$19.00",
    "savings": "$9.50",
    "specialType": "Half Price Specials"
  },
  {
    "productID": "COL131",
    "productName": "Coles Shredded Chicken Breast or Sliced Greek Inspired Chicken Breast",
    "category": "Meat, Seafood & Deli",
    "brand": "Coles",
    "description": "150g, $36.00 per kg",
    "price": "$5.40",
    "originalPrice": "$6.00",
    "savings": "$0.60",
    "specialType": "Down Down"
  },
  {
    "productID": "COL132",
    "productName": "Coles Tasmanian Salmon Portions Skin On",
    "category": "Meat, Seafood & Deli",
    "brand": "Coles",
    "description": "4 Pack 460g, $38.04 per kg",
    "price": "$17.50",
    "originalPrice": "$19.50",
    "savings": "$2.00",
    "specialType": "Down Down"
  },
  {
    "productID": "COL133",
    "productName": "Coles Tasmanian Salmon Portions Skin Off",
    "category": "Meat, Seafood & Deli",
    "brand": "Coles",
    "description": "4 Pack 460g, $41.30 per kg",
    "price": "$19.00",
    "originalPrice": "$21.50",
    "savings": "$2.50",
    "specialType": "Down Down"
  },
  {
    "productID": "COL134",
    "productName": "KB's Raw Prawns Tail On",
    "category": "Meat, Seafood & Deli",
    "brand": "KB's",
    "description": "1kg, $32.00 per kg",
    "price": "$32.00",
    "originalPrice": "$38.00",
    "savings": "$6.00",
    "specialType": "Down Down"
  },
  {
    "productID": "COL135",
    "productName": "Don Deli Cuts",
    "category": "Meat, Seafood & Deli",
    "brand": "Don",
    "description": "80g-100g",
    "price": "$3.30",
    "originalPrice": "$4.30",
    "savings": "$1.00",
    "specialType": "Half Price Specials"
  },
  {
    "productID": "COL136",
    "productName": "The British Sausage Co Smoked Bacon",
    "category": "Meat, Seafood & Deli",
    "brand": "The British Sausage Co",
    "description": "200g, $30.00 per kg",
    "price": "$6.00",
    "originalPrice": "$7.50",
    "savings": "$1.50",
    "specialType": "Half Price Specials"
  },
  {
    "productID": "COL137",
    "productName": "Tassal Smoked Salmon",
    "category": "Meat, Seafood & Deli",
    "brand": "Tassal",
    "description": "100g, $70.00 per kg",
    "price": "$7.00",
    "originalPrice": "$11.50",
    "savings": "$4.50",
    "specialType": "Half Price Specials"
  },
  {
    "productID": "COL138",
    "productName": "Primo Rindless Short Cut Bacon",
    "category": "Meat, Seafood & Deli",
    "brand": "Primo",
    "description": "1kg, $14.50 per kg",
    "price": "$14.50",
    "originalPrice": "$22.00",
    "savings": "$7.50",
    "specialType": "Half Price Specials"
  },
  {
    "productID": "COL139",
    "productName": "Coles Australian Pork Mince 3 Star Regular",
    "category": "Meat, Seafood & Deli",
    "brand": "Coles",
    "description": "500g, $10.00 per kg",
    "price": "$5.00",
    "originalPrice": "$6.00",
    "savings": "$1.00",
    "specialType": "Down Down"
  },
  {
    "productID": "COL140",
    "productName": "Coles Australian No Added Hormones Beef Sizzle Steak",
    "category": "Meat, Seafood & Deli",
    "brand": "Coles",
    "description": "400g, $30.00 per kg",
    "price": "$12.00",
    "originalPrice": "$13.00",
    "savings": "$1.00",
    "specialType": "Down Down"
  },
  {
    "productID": "COL141",
    "productName": "Coles Free Range RSPCA Approved Chicken Breast Large Pack",
    "category": "Meat, Seafood & Deli",
    "brand": "Coles",
    "description": "$13.50 per kg",
    "price": "$13.50",
    "originalPrice": "$15.00",
    "savings": "$1.50",
    "specialType": "Down Down"
  },
  {
    "productID": "COL142",
    "productName": "Coles Australian Pork Leg Roast Boneless",
    "category": "Meat, Seafood & Deli",
    "brand": "Coles",
    "description": "$10.00 per kg",
    "price": "$10.00",
    "originalPrice": "$12.00",
    "savings": "$2.00",
    "specialType": "Half Price Specials"
  },
  {
    "productID": "COL143",
    "productName": "Coles Australian Pork Loin Chops Large Pack",
    "category": "Meat, Seafood & Deli",
    "brand": "Coles",
    "description": "$16.00 per kg",
    "price": "$16.00",
    "originalPrice": "$19.00",
    "savings": "$3.00",
    "specialType": "Half Price Specials"
  },
  {
    "productID": "COL144",
    "productName": "Coles Free Range RSPCA Approved Chicken Mango & Coconut",
    "category": "Meat, Seafood & Deli",
    "brand": "Coles",
    "description": "900g, $15.00 per kg",
    "price": "$13.50",
    "originalPrice": "$16.00",
    "savings": "$2.50",
    "specialType": "Half Price Specials"
  },
  {
    "productID": "COL145",
    "productName": "Peppercorn Extra Lean Beef Burgers",
    "category": "Meat, Seafood & Deli",
    "brand": "Peppercorn",
    "description": "500g, $18.00 per kg",
    "price": "$9.00",
    "originalPrice": "$10.00",
    "savings": "$1.00",
    "specialType": "Half Price Specials"
  },
  {
    "productID": "COL146",
    "productName": "Coles Made Easy Slow Cooked Honey BBQ Pork Belly Bites",
    "category": "Meat, Seafood & Deli",
    "brand": "Coles",
    "description": "500g, $24.00 per kg",
    "price": "$12.00",
    "originalPrice": "$15.00",
    "savings": "$3.00",
    "specialType": "Half Price Specials"
  },
  {
    "productID": "COL147",
    "productName": "Coles Australian No Added Hormones GRAZE Grass Fed Beef New York Strip Steak",
    "category": "Meat, Seafood & Deli",
    "brand": "Coles",
    "description": "380g, $44.74 per kg",
    "price": "$17.00",
    "originalPrice": "$20.00",
    "savings": "$3.00",
    "specialType": "Half Price Specials"
  },
  {
    "productID": "COL148",
    "productName": "Coles Entertaining Chicken Tenderloin Skewers, Beef Sliders or Pork Kransky Bites",
    "category": "Meat, Seafood & Deli",
    "brand": "Coles",
    "description": "300g, 500g or 400g",
    "price": "Any 2 for $15.00",
    "originalPrice": null,
    "savings": "$2.00",
    "specialType": "Multi-buy"
  },
  {
    "productID": "COL149",
    "productName": "Coles Christmas Gingerbread Train Kit",
    "category": "Seasonal",
    "brand": "Coles",
    "description": "720g, $2.08 per 100g",
    "price": "$15.00",
    "originalPrice": null,
    "savings": null,
    "specialType": "Regular"
  },
  {
    "productID": "COL150",
    "productName": "Coles Christmas Pfeffernüsse",
    "category": "Seasonal",
    "brand": "Coles",
    "description": "200g, $1.75 per 100g",
    "price": "$3.50",
    "originalPrice": null,
    "savings": null,
    "specialType": "Regular"
  },
  {
    "productID": "COL151",
    "productName": "Coles Christmas Chocolate Drizzle Stars",
    "category": "Seasonal",
    "brand": "Coles",
    "description": "225g, $2.44 per 100g",
    "price": "$5.50",
    "originalPrice": null,
    "savings": null,
    "specialType": "Regular"
  },
  {
    "productID": "COL152",
    "productName": "Coles Chocolate Rum Balls",
    "category": "Seasonal",
    "brand": "Coles",
    "description": "8 Pack 160g, $3.13 per 100g",
    "price": "$5.00",
    "originalPrice": null,
    "savings": null,
    "specialType": "Regular"
  },
  {
    "productID": "COL153",
    "productName": "Coles Christmas Gingerbread Shapes",
    "category": "Seasonal",
    "brand": "Coles",
    "description": "400g, $1.75 per 100g",
    "price": "$7.00",
    "originalPrice": null,
    "savings": null,
    "specialType": "Regular"
  },
  {
    "productID": "COL154",
    "productName": "Ital Panettone Pistachio Cream",
    "category": "Seasonal",
    "brand": "Ital",
    "description": "800g, $2.00 per 100g",
    "price": "$16.00",
    "originalPrice": null,
    "savings": null,
    "specialType": "Regular"
  },
  {
    "productID": "COL155",
    "productName": "Mr Kipling Cakes or Slices",
    "category": "Pantry",
    "brand": "Mr Kipling",
    "description": "150g-165g",
    "price": "$3.60",
    "originalPrice": "$6.00",
    "savings": "$2.40",
    "specialType": "Half Price Specials"
  },
  {
    "productID": "COL156",
    "productName": "The Little Bakery Co. Dubai Brownie Slice",
    "category": "Pantry",
    "brand": "The Little Bakery Co.",
    "description": "2 Pack 260g, $3.46 per 100g",
    "price": "$9.00",
    "originalPrice": null,
    "savings": null,
    "specialType": "Regular"
  },
  {
    "productID": "COL157",
    "productName": "Coles Bakery Pizza Rolls",
    "category": "Bread & Bakery",
    "brand": "Coles",
    "description": "2 Pack, $1.75 per each",
    "price": "$3.50",
    "originalPrice": "$4.15",
    "savings": "$0.65",
    "specialType": "Half Price Specials"
  },
  {
    "productID": "COL158",
    "productName": "Coles Bakery Iced Donuts",
    "category": "Bread & Bakery",
    "brand": "Coles",
    "description": "6 Pack, $0.54 per each",
    "price": "$3.25",
    "originalPrice": "$3.80",
    "savings": "$0.55",
    "specialType": "Half Price Specials"
  },
  {
    "productID": "COL159",
    "productName": "Coles Pikelets",
    "category": "Bread & Bakery",
    "brand": "Coles",
    "description": "8 Pack 200g, $1.25 per 100g",
    "price": "$2.50",
    "originalPrice": null,
    "savings": null,
    "specialType": "Every Day"
  },
  {
    "productID": "COL160",
    "productName": "Tip Top Thins",
    "category": "Bread & Bakery",
    "brand": "Tip Top",
    "description": "6 Pack 240g, $1.25 per 100g",
    "price": "$3.00",
    "originalPrice": "$3.90",
    "savings": "$0.90",
    "specialType": "Down Down"
  },
  {
    "productID": "COL161",
    "productName": "Helga's Wraps",
    "category": "Bread & Bakery",
    "brand": "Helga's",
    "description": "445g-508g",
    "price": "$3.50",
    "originalPrice": "$5.50",
    "savings": "$2.00",
    "specialType": "Half Price Specials"
  },
  {
    "productID": "COL162",
    "productName": "Coles Bakery Stone Baked by Laurent Sourdough Vienna or Pane di Casa",
    "category": "Bread & Bakery",
    "brand": "Coles",
    "description": "$4.50 per each",
    "price": "$4.50",
    "originalPrice": "$5.00",
    "savings": "$0.50",
    "specialType": "Half Price Specials"
  },
  {
    "productID": "COL163",
    "productName": "Coles All Butter Croissants",
    "category": "Bread & Bakery",
    "brand": "Coles",
    "description": "3 Pack or 4 Pack",
    "price": "$2.95",
    "originalPrice": null,
    "savings": null,
    "specialType": "Every Day"
  },
  {
    "productID": "COL164",
    "productName": "Coles Bakery Rolls",
    "category": "Bread & Bakery",
    "brand": "Coles",
    "description": "6 Pack, $0.50 per each",
    "price": "$3.00",
    "originalPrice": null,
    "savings": null,
    "specialType": "Every Day"
  },
  {
    "productID": "COL165",
    "productName": "Raw C Coconut Water",
    "category": "Drinks",
    "brand": "Raw C",
    "description": "1 Litre, $3.30 per litre",
    "price": "$3.30",
    "originalPrice": "$5.50",
    "savings": "$2.20",
    "specialType": "Half Price Specials"
  },
  {
    "productID": "COL166",
    "productName": "V Energy Drink",
    "category": "Drinks",
    "brand": "V",
    "description": "4x250mL, $7.00 per litre",
    "price": "$7.00",
    "originalPrice": "$11.75",
    "savings": "$4.75",
    "specialType": "Half Price Specials"
  },
  {
    "productID": "COL167",
    "productName": "Monster Energy Drink",
    "category": "Drinks",
    "brand": "Monster",
    "description": "4x500mL, $4.80 per litre",
    "price": "$9.60",
    "originalPrice": "$16.00",
    "savings": "$6.40",
    "specialType": "Half Price Specials"
  },
  {
    "productID": "COL168",
    "productName": "Twinings Tea Bags",
    "category": "Drinks",
    "brand": "Twinings",
    "description": "80 Pack-100 Pack",
    "price": "$8.00",
    "originalPrice": "$13.50",
    "savings": "$5.50",
    "specialType": "Half Price Specials"
  },
  {
    "productID": "COL169",
    "productName": "Boss Iced Coffee",
    "category": "Drinks",
    "brand": "Boss",
    "description": "4x237mL, $9.28 per litre",
    "price": "$8.80",
    "originalPrice": "$14.70",
    "savings": "$5.90",
    "specialType": "Half Price Specials"
  },
  {
    "productID": "COL170",
    "productName": "Lavazza Qualita Oro Coffee Beans or Ground",
    "category": "Pantry",
    "brand": "Lavazza",
    "description": "1kg, $3.00 per 100g",
    "price": "$30.00",
    "originalPrice": "$50.00",
    "savings": "$20.00",
    "specialType": "Half Price Specials"
  },
  {
    "productID": "COL171",
    "productName": "Mt Franklin Lightly Sparkling Water",
    "category": "Drinks",
    "brand": "Mt Franklin",
    "description": "10x375mL, $3.20 per litre",
    "price": "$12.00",
    "originalPrice": "$20.00",
    "savings": "$8.00",
    "specialType": "Half Price Specials"
  },
  {
    "productID": "COL172",
    "productName": "Pepsi Max or Solo Zero Sugar Soft Drink",
    "category": "Drinks",
    "brand": "Pepsi",
    "description": "24x375mL, $2.50 per litre",
    "price": "$22.50",
    "originalPrice": "$37.50",
    "savings": "$15.00",
    "specialType": "Half Price Specials"
  },
  {
    "productID": "COL173",
    "productName": "Coca-Cola Zero Sugar Soft Drink",
    "category": "Drinks",
    "brand": "Coca-Cola",
    "description": "30x375mL, $2.67 per litre",
    "price": "$30.00",
    "originalPrice": "$50.00",
    "savings": "$20.00",
    "specialType": "Half Price Specials"
  },
  {
    "productID": "COL174",
    "productName": "Mt Franklin Lightly Sparkling Water",
    "category": "Drinks",
    "brand": "Mt Franklin",
    "description": "1.25 Litre, $1.30 per litre",
    "price": "$1.62",
    "originalPrice": "$3.25",
    "savings": "$1.63",
    "specialType": "Half Price Specials"
  },
  {
    "productID": "COL175",
    "productName": "The Natural Chip Co. Potato Chips",
    "category": "Pantry",
    "brand": "The Natural Chip Co.",
    "description": "175g, $1.43 per 100g",
    "price": "$2.50",
    "originalPrice": "$5.00",
    "savings": "$2.50",
    "specialType": "Half Price Specials"
  },
  {
    "productID": "COL176",
    "productName": "Cadbury or Europe Bites",
    "category": "Pantry",
    "brand": "Cadbury",
    "description": "120g-150g",
    "price": "$4.00",
    "originalPrice": "$7.00",
    "savings": "$3.00",
    "specialType": "Half Price Specials"
  },
  {
    "productID": "COL177",
    "productName": "Darrell Lea Bullets or Choc Coated Twists",
    "category": "Pantry",
    "brand": "Darrell Lea",
    "description": "150g-204g",
    "price": "$4.50",
    "originalPrice": "$6.00",
    "savings": "$1.50",
    "specialType": "Half Price Specials"
  },
  {
    "productID": "COL178",
    "productName": "Arnott's Gluten Free Jatz or Shapes Crackers",
    "category": "Pantry",
    "brand": "Arnott's",
    "description": "110g-130g",
    "price": "$4.90",
    "originalPrice": "$5.50",
    "savings": "$0.60",
    "specialType": "Down Down"
  },
  {
    "productID": "COL179",
    "productName": "Arnott's Tina Wafer or Creams Biscuits",
    "category": "Pantry",
    "brand": "Arnott's",
    "description": "200g-250g",
    "price": "2 for $6.00",
    "originalPrice": null,
    "savings": "$2.00",
    "specialType": "Multi-buy"
  },
  {
    "productID": "COL180",
    "productName": "Golden Circle Mango Nectar or Apple Juice",
    "category": "Drinks",
    "brand": "Golden Circle",
    "description": "2 Litre, $1.75 per litre",
    "price": "$3.50",
    "originalPrice": "$4.80",
    "savings": "$1.30",
    "specialType": "Half Price Specials"
  },
  {
    "productID": "COL181",
    "productName": "Ocean Spray Fruit Drink",
    "category": "Drinks",
    "brand": "Ocean Spray",
    "description": "1.5 Litre, $3.33 per litre",
    "price": "$5.00",
    "originalPrice": "$6.40",
    "savings": "$1.40",
    "specialType": "Half Price Specials"
  },
  {
    "productID": "COL182",
    "productName": "NEW Mars Cookie Dough or Snickers Loaded Chocolate Bar",
    "category": "Pantry",
    "brand": "Mars",
    "description": "45g-47g",
    "price": "$1.25",
    "originalPrice": "$2.50",
    "savings": "$1.25",
    "specialType": "Half Price Specials"
  },
  {
    "productID": "COL183",
    "productName": "NEW Nestlé Kit Kat Chunky Aero Milk or Chunky Hazel-Nutty Chocolate Bar",
    "category": "Pantry",
    "brand": "Nestlé",
    "description": "41g-45g",
    "price": "$1.50",
    "originalPrice": "$3.00",
    "savings": "$1.50",
    "specialType": "Half Price Specials"
  },
  {
    "productID": "COL184",
    "productName": "NEW Cadbury Old Gold Turkish Delight or Peanut Caramel Slices Chocolate Bar",
    "category": "Pantry",
    "brand": "Cadbury",
    "description": "48g-50g",
    "price": "2 for $4.00",
    "originalPrice": null,
    "savings": "$2.00",
    "specialType": "Multi-buy"
  },
  {
    "productID": "COL185",
    "productName": "NEW Pringles Korean Sweet Crispy Chicken Crisps",
    "category": "Pantry",
    "brand": "Pringles",
    "description": "118g, $2.97 per 100g",
    "price": "$3.50",
    "originalPrice": "$5.50",
    "savings": "$2.00",
    "specialType": "Half Price Specials"
  },
  {
    "productID": "COL186",
    "productName": "NEW Cadbury Top Deck Bubbly Block Chocolate",
    "category": "Pantry",
    "brand": "Cadbury",
    "description": "160g, $3.13 per 100g",
    "price": "$5.00",
    "originalPrice": "$8.00",
    "savings": "$3.00",
    "specialType": "Half Price Specials"
  },
  {
    "productID": "COL187",
    "productName": "NEW Lindt Lindor Tiramisu Block Chocolate",
    "category": "Pantry",
    "brand": "Lindt",
    "description": "100g, $5.95 per 100g",
    "price": "$5.95",
    "originalPrice": "$8.50",
    "savings": "$2.55",
    "specialType": "Half Price Specials"
  },
  {
    "productID": "COL188",
    "productName": "Sanitarium Up&Go Liquid Breakfast",
    "category": "Drinks",
    "brand": "Sanitarium",
    "description": "6x250mL, $5.67 per litre",
    "price": "$8.50",
    "originalPrice": "$12.60",
    "savings": "$4.10",
    "specialType": "Half Price Specials"
  },
  {
    "productID": "COL189",
    "productName": "Jordan's Clusters or Granola",
    "category": "Pantry",
    "brand": "Jordan's",
    "description": "500g-750g",
    "price": "$7.00",
    "originalPrice": "$9.00",
    "savings": "$2.00",
    "specialType": "Down Down"
  },
  {
    "productID": "COL190",
    "productName": "Carman's Nut or Muesli Bars",
    "category": "Pantry",
    "brand": "Carman's",
    "description": "5 Pack 140g-270g",
    "price": "$6.00",
    "originalPrice": "$7.50",
    "savings": "$1.50",
    "specialType": "Half Price Specials"
  },
  {
    "productID": "COL191",
    "productName": "Mayver's Peanut Butter",
    "category": "Pantry",
    "brand": "Mayver's",
    "description": "375g, $1.33 per 100g",
    "price": "$5.00",
    "originalPrice": "$6.30",
    "savings": "$1.30",
    "specialType": "Half Price Specials"
  },
  {
    "productID": "COL192",
    "productName": "Nutella Hazelnut Chocolate Spread",
    "category": "Pantry",
    "brand": "Nutella",
    "description": "750g, $1.33 per 100g",
    "price": "$10.00",
    "originalPrice": "$12.50",
    "savings": "$2.50",
    "specialType": "Half Price Specials"
  },
  {
    "productID": "COL193",
    "productName": "Nestlé Milo Cereal",
    "category": "Pantry",
    "brand": "Nestlé",
    "description": "535g-620g",
    "price": "$7.50",
    "originalPrice": "$9.50",
    "savings": "$2.00",
    "specialType": "Half Price Specials"
  },
  {
    "productID": "COL194",
    "productName": "Vittoria Nespresso Compatible Coffee Capsules",
    "category": "Pantry",
    "brand": "Vittoria",
    "description": "10 Pack, $0.65 per each",
    "price": "$6.50",
    "originalPrice": "$9.50",
    "savings": "$3.00",
    "specialType": "Half Price Specials"
  },
  {
    "productID": "COL195",
    "productName": "Robert Timms Coffee Bags",
    "category": "Pantry",
    "brand": "Robert Timms",
    "description": "24 Pack, $0.38 per each",
    "price": "$9.00",
    "originalPrice": "$13.00",
    "savings": "$4.00",
    "specialType": "Half Price Specials"
  },
  {
    "productID": "COL196",
    "productName": "Muscle Nation Custard Protein Bar",
    "category": "Health & Wellness",
    "brand": "Muscle Nation",
    "description": "60g, $6.00 per 100g",
    "price": "$3.60",
    "originalPrice": "$4.50",
    "savings": "$0.90",
    "specialType": "Half Price Specials"
  },
  {
    "productID": "COL197",
    "productName": "Musashi High Protein Bar",
    "category": "Health & Wellness",
    "brand": "Musashi",
    "description": "90g, $6.11 per 100g",
    "price": "$5.50",
    "originalPrice": "$6.90",
    "savings": "$1.40",
    "specialType": "Half Price Specials"
  },
  {
    "productID": "COL198",
    "productName": "Betty Crocker Baking Mix",
    "category": "Pantry",
    "brand": "Betty Crocker",
    "description": "485g-500g",
    "price": "$4.00",
    "originalPrice": "$7.00",
    "savings": "$3.00",
    "specialType": "Half Price Specials"
  },
  {
    "productID": "COL199",
    "productName": "Heinz Baked Beanz or Spaghetti",
    "category": "Pantry",
    "brand": "Heinz",
    "description": "300g, $0.67 per 100g",
    "price": "$2.00",
    "originalPrice": "$2.90",
    "savings": "$0.90",
    "specialType": "Half Price Specials"
  },
  {
    "productID": "COL200",
    "productName": "Heinz Ketchup",
    "category": "Pantry",
    "brand": "Heinz",
    "description": "500mL, $0.80 per 100mL",
    "price": "$4.00",
    "originalPrice": "$5.00",
    "savings": "$1.00",
    "specialType": "Half Price Specials"
  },
  {
    "productID": "COL201",
    "productName": "Maggi 2 Minute Noodles",
    "category": "Pantry",
    "brand": "Maggi",
    "description": "12 Pack 864g-888g",
    "price": "$9.00",
    "originalPrice": null,
    "savings": null,
    "specialType": "Every Day"
  },
  {
    "productID": "COL202",
    "productName": "Continental Pasta & Sauce",
    "category": "Pantry",
    "brand": "Continental",
    "description": "80g, $1.88 per 100g",
    "price": "$1.50",
    "originalPrice": "$3.00",
    "savings": "$1.50",
    "specialType": "Half Price Specials"
  },
  {
    "productID": "COL203",
    "productName": "Continental Cup a Soup",
    "category": "Pantry",
    "brand": "Continental",
    "description": "2 Serves 50g-75g",
    "price": "$1.40",
    "originalPrice": "$2.80",
    "savings": "$1.40",
    "specialType": "Half Price Specials"
  },
  {
    "productID": "COL204",
    "productName": "Sirena Tuna",
    "category": "Pantry",
    "brand": "Sirena",
    "description": "95g, $24.21 per kg",
    "price": "$2.30",
    "originalPrice": "$2.95",
    "savings": "$0.65",
    "specialType": "Half Price Specials"
  },
  {
    "productID": "COL205",
    "productName": "Dolmio Pasta Sauce",
    "category": "Pantry",
    "brand": "Dolmio",
    "description": "490g-500g",
    "price": "$3.00",
    "originalPrice": "$4.60",
    "savings": "$1.60",
    "specialType": "Half Price Specials"
  },
  {
    "productID": "COL206",
    "productName": "Campbell's Real Stock",
    "category": "Pantry",
    "brand": "Campbell's",
    "description": "1 Litre, $0.35 per 100mL",
    "price": "$3.50",
    "originalPrice": "$4.50",
    "savings": "$1.00",
    "specialType": "Half Price Specials"
  },
  {
    "productID": "COL207",
    "productName": "Campbell's Country Ladle or Chunky Soup",
    "category": "Pantry",
    "brand": "Campbell's",
    "description": "495g-505g",
    "price": "$3.50",
    "originalPrice": "$4.50",
    "savings": "$1.00",
    "specialType": "Half Price Specials"
  },
  {
    "productID": "COL208",
    "productName": "Sirena Tuna with Beans",
    "category": "Pantry",
    "brand": "Sirena",
    "description": "170g, $2.18 per 100g",
    "price": "$3.70",
    "originalPrice": "$4.70",
    "savings": "$1.00",
    "specialType": "Half Price Specials"
  },
  {
    "productID": "COL209",
    "productName": "Gravox Gravy Canister",
    "category": "Pantry",
    "brand": "Gravox",
    "description": "120g-140g",
    "price": "$4.00",
    "originalPrice": "$5.00",
    "savings": "$1.00",
    "specialType": "Half Price Specials"
  },
  {
    "productID": "COL210",
    "productName": "Cobram Estate Extra Virgin Olive Oil",
    "category": "Pantry",
    "brand": "Cobram Estate",
    "description": "750mL, $2.33 per 100mL",
    "price": "$17.50",
    "originalPrice": "$25.00",
    "savings": "$7.50",
    "specialType": "Half Price Specials"
  },
  {
    "productID": "COL211",
    "productName": "Moro Extra Virgin Olive Oil",
    "category": "Pantry",
    "brand": "Moro",
    "description": "2.2 Litre, $1.32 per 100mL",
    "price": "$29.00",
    "originalPrice": "$40.00",
    "savings": "$11.00",
    "specialType": "Half Price Specials"
  },
  {
    "productID": "COL212",
    "productName": "Coles PerFORM Tuna Meal",
    "category": "Pantry",
    "brand": "Coles",
    "description": "190g, $2.11 per 100g",
    "price": "$4.00",
    "originalPrice": null,
    "savings": null,
    "specialType": "Every Day"
  },
  {
    "productID": "COL213",
    "productName": "Coles PerFORM Whey Protein Powder Vanilla",
    "category": "Health & Wellness",
    "brand": "Coles",
    "description": "500g, $5.00 per 100g",
    "price": "$25.00",
    "originalPrice": null,
    "savings": null,
    "specialType": "Every Day"
  },
  {
    "productID": "COL214",
    "productName": "Coles PerFORM Whey Protein Powder Chocolate",
    "category": "Health & Wellness",
    "brand": "Coles",
    "description": "500g, $5.00 per 100g",
    "price": "$25.00",
    "originalPrice": null,
    "savings": null,
    "specialType": "Every Day"
  },
  {
    "productID": "COL215",
    "productName": "Coles PerFORM Whey Protein Powder Unflavoured",
    "category": "Health & Wellness",
    "brand": "Coles",
    "description": "500g, $5.60 per 100g",
    "price": "$28.00",
    "originalPrice": null,
    "savings": null,
    "specialType": "Every Day"
  },
  {
    "productID": "COL216",
    "productName": "Coles Durum Wheat Pasta",
    "category": "Pantry",
    "brand": "Coles",
    "description": "500g, $0.20 per 100g",
    "price": "$1.00",
    "originalPrice": null,
    "savings": null,
    "specialType": "Every Day"
  },
  {
    "productID": "COL217",
    "productName": "Coles Italian Diced Tomatoes",
    "category": "Pantry",
    "brand": "Coles",
    "description": "400g, $2.75 per kg",
    "price": "$1.10",
    "originalPrice": null,
    "savings": null,
    "specialType": "Every Day"
  },
  {
    "productID": "COL218",
    "productName": "Coles Tuna Chunks in Springwater or Olive Oil Blend",
    "category": "Pantry",
    "brand": "Coles",
    "description": "95g, $11.58 per kg",
    "price": "$1.10",
    "originalPrice": null,
    "savings": null,
    "specialType": "Every Day"
  },
  {
    "productID": "COL219",
    "productName": "Coles Squeezie Yoghurt Pouch",
    "category": "Dairy, Eggs & Meals",
    "brand": "Coles",
    "description": "70g, $1.14 per 100g",
    "price": "$0.80",
    "originalPrice": null,
    "savings": null,
    "specialType": "Every Day"
  },
  {
    "productID": "COL220",
    "productName": "Coles Kitchen Garlic Baguette Twin Pack",
    "category": "Bread & Bakery",
    "brand": "Coles",
    "description": "450g, $0.76 per 100g",
    "price": "$3.40",
    "originalPrice": null,
    "savings": null,
    "specialType": "Every Day"
  },
  {
    "productID": "COL221",
    "productName": "Coles Pure Australian Honey Squeeze",
    "category": "Pantry",
    "brand": "Coles",
    "description": "375g, $1.47 per 100g",
    "price": "$5.50",
    "originalPrice": null,
    "savings": null,
    "specialType": "Every Day"
  },
  {
    "productID": "COL222",
    "productName": "Coles Ultra Advanced Dishwasher Tablets",
    "category": "Household",
    "brand": "Coles",
    "description": "40 Pack, $0.15 per each",
    "price": "$6.00",
    "originalPrice": null,
    "savings": null,
    "specialType": "Every Day"
  },
  {
    "productID": "COL223",
    "productName": "CUB Fragrance Free or Lightly Scented Biodegradable Baby Wipes",
    "category": "Baby",
    "brand": "CUB",
    "description": "80 Pack, $2.50 per 100 each",
    "price": "$2.00",
    "originalPrice": null,
    "savings": null,
    "specialType": "Every Day"
  },
  {
    "productID": "COL224",
    "productName": "CUB Fragrance Free or Lightly Scented Biodegradable Baby Wipes",
    "category": "Baby",
    "brand": "CUB",
    "description": "480 Pack, $2.29 per 100 each",
    "price": "$11.00",
    "originalPrice": null,
    "savings": null,
    "specialType": "Every Day"
  },
  {
    "productID": "COL225",
    "productName": "Coles PerFORM Build Meal",
    "category": "Health & Wellness",
    "brand": "Coles",
    "description": "400g-450g",
    "price": "2 for $18.00",
    "originalPrice": null,
    "savings": "$2.00",
    "specialType": "Multi-buy"
  },
  {
    "productID": "COL226",
    "productName": "Coles Kitchen Pasta Sauce",
    "category": "Pantry",
    "brand": "Coles",
    "description": "480g, $1.13 per 100g",
    "price": "$5.40",
    "originalPrice": null,
    "savings": null,
    "specialType": "Every Day"
  },
  {
    "productID": "COL227",
    "productName": "Coles Kitchen Filled Pasta",
    "category": "Pantry",
    "brand": "Coles",
    "description": "600g, $1.00 per 100g",
    "price": "$6.00",
    "originalPrice": null,
    "savings": null,
    "specialType": "Every Day"
  },
  {
    "productID": "COL228",
    "productName": "Coles Beef Lasagne",
    "category": "Frozen",
    "brand": "Coles",
    "description": "1.8kg, $0.69 per 100g",
    "price": "$12.50",
    "originalPrice": null,
    "savings": null,
    "specialType": "Every Day"
  },
  {
    "productID": "COL229",
    "productName": "Perfect Italiano Parmesan",
    "category": "Dairy, Eggs & Meals",
    "brand": "Perfect Italiano",
    "description": "125g, $28.00 per kg",
    "price": "$3.50",
    "originalPrice": "$4.50",
    "savings": "$1.00",
    "specialType": "Half Price Specials"
  },
  {
    "productID": "COL230",
    "productName": "Perfect Italiano Grated Cheese",
    "category": "Dairy, Eggs & Meals",
    "brand": "Perfect Italiano",
    "description": "250g, $23.20 per kg",
    "price": "$5.80",
    "originalPrice": "$6.50",
    "savings": "$0.70",
    "specialType": "Down Down"
  },
  {
    "productID": "COL231",
    "productName": "Cheer Cheese Slices",
    "category": "Dairy, Eggs & Meals",
    "brand": "Cheer",
    "description": "500g, $19.00 per kg",
    "price": "$9.50",
    "originalPrice": "$11.00",
    "savings": "$1.50",
    "specialType": "Half Price Specials"
  },
  {
    "productID": "COL232",
    "productName": "La Famiglia Garlic Bread",
    "category": "Bread & Bakery",
    "brand": "La Famiglia",
    "description": "400g, $1.00 per 100g",
    "price": "$4.00",
    "originalPrice": "$5.00",
    "savings": "$1.00",
    "specialType": "Half Price Specials"
  },
  {
    "productID": "COL233",
    "productName": "Dari's Soup",
    "category": "Pantry",
    "brand": "Dari's",
    "description": "550g, $0.98 per 100g",
    "price": "$5.40",
    "originalPrice": "$6.80",
    "savings": "$1.40",
    "specialType": "Half Price Specials"
  },
  {
    "productID": "COL234",
    "productName": "Youfoodz Fuel'd Meal",
    "category": "Health & Wellness",
    "brand": "Youfoodz",
    "description": "400g-436g",
    "price": "2 for $19.00",
    "originalPrice": null,
    "savings": "$5.00",
    "specialType": "Multi-buy"
  },
  {
    "productID": "COL235",
    "productName": "Tamar Valley Dairy The Creamery Yoghurt",
    "category": "Dairy, Eggs & Meals",
    "brand": "Tamar Valley",
    "description": "170g, $0.88 per 100g",
    "price": "$1.50",
    "originalPrice": "$3.00",
    "savings": "$1.50",
    "specialType": "Half Price Specials"
  },
  {
    "productID": "COL236",
    "productName": "Bulla Goodness Greek Style Yoghurt 'n' Muesli",
    "category": "Dairy, Eggs & Meals",
    "brand": "Bulla",
    "description": "170g, $1.24 per 100g",
    "price": "$2.10",
    "originalPrice": "$4.25",
    "savings": "$2.15",
    "specialType": "Half Price Specials"
  },
  {
    "productID": "COL237",
    "productName": "Vaalia Probiotics Kids Yoghurt Pouch",
    "category": "Dairy, Eggs & Meals",
    "brand": "Vaalia",
    "description": "140g, $1.11 per 100g",
    "price": "$1.55",
    "originalPrice": "$2.50",
    "savings": "$0.95",
    "specialType": "Half Price Specials"
  },
  {
    "productID": "COL238",
    "productName": "Tamar Valley Kids Yoghurt Pouch",
    "category": "Dairy, Eggs & Meals",
    "brand": "Tamar Valley",
    "description": "110g, $1.55 per 100g",
    "price": "$1.70",
    "originalPrice": "$2.50",
    "savings": "$0.80",
    "specialType": "Half Price Specials"
  },
  {
    "productID": "COL239",
    "productName": "Pauls Plus Protein Yoghurt Pouch",
    "category": "Dairy, Eggs & Meals",
    "brand": "Pauls",
    "description": "150g, $1.33 per 100g",
    "price": "$2.00",
    "originalPrice": "$3.10",
    "savings": "$1.10",
    "specialType": "Half Price Specials"
  },
  {
    "productID": "COL240",
    "productName": "Gippsland Dairy Twist Yogurt",
    "category": "Dairy, Eggs & Meals",
    "brand": "Gippsland Dairy",
    "description": "700g, $0.90 per 100g",
    "price": "$6.30",
    "originalPrice": "$7.90",
    "savings": "$1.60",
    "specialType": "Half Price Specials"
  },
  {
    "productID": "COL241",
    "productName": "Ice Break Flavoured Milk",
    "category": "Dairy, Eggs & Meals",
    "brand": "Ice Break",
    "description": "500mL, $6.00 per litre",
    "price": "$3.00",
    "originalPrice": "$3.95",
    "savings": "$0.95",
    "specialType": "Half Price Specials"
  },
  {
    "productID": "COL242",
    "productName": "Dare Flavoured Milk",
    "category": "Dairy, Eggs & Meals",
    "brand": "Dare",
    "description": "750mL, $5.73 per litre",
    "price": "$4.30",
    "originalPrice": "$5.40",
    "savings": "$1.10",
    "specialType": "Half Price Specials"
  },
  {
    "productID": "COL243",
    "productName": "Remedy Kombucha",
    "category": "Drinks",
    "brand": "Remedy",
    "description": "750mL, $7.00 per litre",
    "price": "$5.25",
    "originalPrice": "$7.50",
    "savings": "$2.25",
    "specialType": "Half Price Specials"
  },
  {
    "productID": "COL244",
    "productName": "Devondale Spreadable Blend",
    "category": "Dairy, Eggs & Meals",
    "brand": "Devondale",
    "description": "500g, $1.20 per 100g",
    "price": "$6.00",
    "originalPrice": "$7.50",
    "savings": "$1.50",
    "specialType": "Half Price Specials"
  },
  {
    "productID": "COL245",
    "productName": "Hong Kong Dim Sim Kitchen Pork & Chive Dumplings",
    "category": "Frozen",
    "brand": "Hong Kong Dim Sim Kitchen",
    "description": "300g, $1.42 per 100g",
    "price": "$4.25",
    "originalPrice": "$8.50",
    "savings": "$4.25",
    "specialType": "Half Price Specials"
  },
  {
    "productID": "COL246",
    "productName": "KB's Battered Bites",
    "category": "Frozen",
    "brand": "KB's",
    "description": "1kg, $13.75 per kg",
    "price": "$13.75",
    "originalPrice": "$27.50",
    "savings": "$13.75",
    "specialType": "Half Price Specials"
  },
  {
    "productID": "COL247",
    "productName": "KB's Lightly Crumbed Tender Squid Chips",
    "category": "Frozen",
    "brand": "KB's",
    "description": "1kg, $15.75 per kg",
    "price": "$15.75",
    "originalPrice": "$31.50",
    "savings": "$15.75",
    "specialType": "Half Price Specials"
  },
  {
    "productID": "COL248",
    "productName": "McCain Beer Batter Chips",
    "category": "Frozen",
    "brand": "McCain",
    "description": "750g, $5.33 per kg",
    "price": "$4.00",
    "originalPrice": "$5.80",
    "savings": "$1.80",
    "specialType": "Half Price Specials"
  },
  {
    "productID": "COL249",
    "productName": "McCain Pub Size Meal",
    "category": "Frozen",
    "brand": "McCain",
    "description": "480g-500g",
    "price": "2 for $15.00",
    "originalPrice": null,
    "savings": "$4.00",
    "specialType": "Multi-buy"
  },
  {
    "productID": "COL250",
    "productName": "Family Faves Chicken Tenders",
    "category": "Frozen",
    "brand": "Family Faves",
    "description": "1kg, $10.00 per kg",
    "price": "$10.00",
    "originalPrice": "$12.50",
    "savings": "$2.50",
    "specialType": "Down Down"
  },
  {
    "productID": "COL251",
    "productName": "Steggles Crumbed Chicken Tenders",
    "category": "Frozen",
    "brand": "Steggles",
    "description": "1kg, $10.50 per kg",
    "price": "$10.50",
    "originalPrice": "$13.50",
    "savings": "$3.00",
    "specialType": "Down Down"
  },
  {
    "productID": "COL252",
    "productName": "Birds Eye Steamfresh Fish",
    "category": "Frozen",
    "brand": "Birds Eye",
    "description": "380g, $20.26 per kg",
    "price": "$7.70",
    "originalPrice": "$11.00",
    "savings": "$3.30",
    "specialType": "Half Price Specials"
  },
  {
    "productID": "COL253",
    "productName": "Hershey's or Reese's Ice Cream Tub",
    "category": "Frozen",
    "brand": "Hershey's",
    "description": "1 Litre, $0.50 per 100mL",
    "price": "$5.00",
    "originalPrice": "$10.00",
    "savings": "$5.00",
    "specialType": "Half Price Specials"
  },
  {
    "productID": "COL254",
    "productName": "Ben & Jerry's Ice Cream Tub",
    "category": "Frozen",
    "brand": "Ben & Jerry's",
    "description": "427mL-458mL",
    "price": "$7.25",
    "originalPrice": "$14.50",
    "savings": "$7.25",
    "specialType": "Half Price Specials"
  },
  {
    "productID": "COL255",
    "productName": "Streets Blue Ribbon Frozen Dessert Tub",
    "category": "Frozen",
    "brand": "Streets",
    "description": "2 Litre, $0.33 per 100mL",
    "price": "$6.50",
    "originalPrice": null,
    "savings": null,
    "specialType": "Every Day"
  },
  {
    "productID": "COL256",
    "productName": "Destination Italy Gelato Tub",
    "category": "Frozen",
    "brand": "Destination Italy",
    "description": "500mL, $2.20 per 100mL",
    "price": "$11.00",
    "originalPrice": "$12.50",
    "savings": "$1.50",
    "specialType": "Down Down"
  },
  {
    "productID": "COL257",
    "productName": "Herbert Adams Slow Cooked Beef Pies",
    "category": "Frozen",
    "brand": "Herbert Adams",
    "description": "2 Pack 400g-420g",
    "price": "$6.90",
    "originalPrice": "$10.00",
    "savings": "$3.10",
    "specialType": "Half Price Specials"
  },
  {
    "productID": "COL258",
    "productName": "Birds Eye Deli Crisply Light Batter Fish",
    "category": "Frozen",
    "brand": "Birds Eye",
    "description": "250g, $35.20 per kg",
    "price": "$8.80",
    "originalPrice": "$11.00",
    "savings": "$2.20",
    "specialType": "Half Price Specials"
  },
  {
    "productID": "COL259",
    "productName": "Core Powerfoods Frozen Meal",
    "category": "Frozen",
    "brand": "Core Powerfoods",
    "description": "350g, $2.14 per 100g",
    "price": "2 for $15.00",
    "originalPrice": null,
    "savings": "$4.00",
    "specialType": "Multi-buy"
  },
  {
    "productID": "COL260",
    "productName": "Weis Frozen Dessert Bars",
    "category": "Frozen",
    "brand": "Weis",
    "description": "4 Pack-6 Pack 264mL-280mL",
    "price": "$5.70",
    "originalPrice": "$9.50",
    "savings": "$3.80",
    "specialType": "Half Price Specials"
  },
  {
    "productID": "COL261",
    "productName": "Streets Calippo Ice Blocks or Cyclone Sticks",
    "category": "Frozen",
    "brand": "Streets",
    "description": "5 Pack-10 Pack or 8 Pack 688mL",
    "price": "$7.00",
    "originalPrice": "$9.00",
    "savings": "$2.00",
    "specialType": "Half Price Specials"
  },
  {
    "productID": "COL262",
    "productName": "The Sweetporium Co Ice Cream Tub",
    "category": "Frozen",
    "brand": "The Sweetporium Co",
    "description": "1 Litre, $0.70 per 100mL",
    "price": "$7.00",
    "originalPrice": "$10.00",
    "savings": "$3.00",
    "specialType": "Half Price Specials"
  },
  {
    "productID": "COL263",
    "productName": "Gym Bod Protein Dessert Tub",
    "category": "Frozen",
    "brand": "Gym Bod",
    "description": "475mL, $1.77 per 100mL",
    "price": "$8.40",
    "originalPrice": "$11.00",
    "savings": "$2.60",
    "specialType": "Half Price Specials"
  },
  {
    "productID": "COL264",
    "productName": "Cadbury Dairy Milk Sticks",
    "category": "Frozen",
    "brand": "Cadbury",
    "description": "4 Pack-6 Pack 300mL-360mL",
    "price": "$8.50",
    "originalPrice": "$12.00",
    "savings": "$3.50",
    "specialType": "Half Price Specials"
  },
  {
    "productID": "COL265",
    "productName": "Yo-Chi Greek Style Frozen Yogurt Tub",
    "category": "Frozen",
    "brand": "Yo-Chi",
    "description": "500mL, $1.14 per 100mL",
    "price": "$5.70",
    "originalPrice": "$9.50",
    "savings": "$3.80",
    "specialType": "Half Price Specials"
  },
  {
    "productID": "COL266",
    "productName": "Streets Magnum Sticks",
    "category": "Frozen",
    "brand": "Streets",
    "description": "4 Pack-6 Pack 360mL-428mL",
    "price": "$7.20",
    "originalPrice": "$12.00",
    "savings": "$4.80",
    "specialType": "Half Price Specials"
  },
  {
    "productID": "COL267",
    "productName": "Huggies DryNites Night Time Pants",
    "category": "Baby",
    "brand": "Huggies",
    "description": "8 Pack-10 Pack",
    "price": "$10.00",
    "originalPrice": "$12.00",
    "savings": "$2.00",
    "specialType": "Half Price Specials"
  },
  {
    "productID": "COL268",
    "productName": "Nestlé NAN Comfort Stage 3 Toddler Milk Drink",
    "category": "Baby",
    "brand": "Nestlé",
    "description": "800g, $2.10 per 100g",
    "price": "$16.80",
    "originalPrice": "$21.00",
    "savings": "$4.20",
    "specialType": "Half Price Specials"
  },
  {
    "productID": "COL269",
    "productName": "Alula Gold Stage 3 or 4 Toddler Milk Drink",
    "category": "Baby",
    "brand": "Alula",
    "description": "900g, $2.22 per 100g",
    "price": "$20.00",
    "originalPrice": "$25.50",
    "savings": "$5.50",
    "specialType": "Half Price Specials"
  },
  {
    "productID": "COL270",
    "productName": "Kiddylicious Veggie Straws or Fruity Puffs",
    "category": "Baby",
    "brand": "Kiddylicious",
    "description": "12g or 10g",
    "price": "$1.50",
    "originalPrice": "$2.20",
    "savings": "$0.70",
    "specialType": "Half Price Specials"
  },
  {
    "productID": "COL271",
    "productName": "Rafferty's Garden 4+ Months, 6+ Months or 8+ Months Baby Food Pouch",
    "category": "Baby",
    "brand": "Rafferty's Garden",
    "description": "120g, $1.67 per 100g",
    "price": "4 for $8.00",
    "originalPrice": null,
    "savings": "$1.20",
    "specialType": "Multi-buy"
  },
  {
    "productID": "COL272",
    "productName": "U By Kotex Ultra Thin Pads with Wings Regular or Super",
    "category": "Health & Beauty",
    "brand": "U By Kotex",
    "description": "14 Pack or 12 Pack",
    "price": "$4.45",
    "originalPrice": "$5.60",
    "savings": "$1.15",
    "specialType": "Half Price Specials"
  },
  {
    "productID": "COL273",
    "productName": "Depend Real Fit Underwear for Women Size L",
    "category": "Health & Beauty",
    "brand": "Depend",
    "description": "8 Pack, $1.53 per each",
    "price": "$12.20",
    "originalPrice": "$15.25",
    "savings": "$3.05",
    "specialType": "Half Price Specials"
  },
  {
    "productID": "COL274",
    "productName": "Tommee Tippee Baby Natural Cherry Latex Soothers",
    "category": "Baby",
    "brand": "Tommee Tippee",
    "description": "0-6m or 6-18m 2 Pack, $3.00 per each",
    "price": "$6.00",
    "originalPrice": "$10.00",
    "savings": "$4.00",
    "specialType": "Half Price Specials"
  },
  {
    "productID": "COL275",
    "productName": "B.Box Snackbox",
    "category": "Baby",
    "brand": "B.Box",
    "description": "1 Each, $9.60 per each",
    "price": "$9.60",
    "originalPrice": "$16.00",
    "savings": "$6.40",
    "specialType": "Half Price Specials"
  },
  {
    "productID": "COL276",
    "productName": "B.Box Sippy Cup For Kids Assorted Colours",
    "category": "Baby",
    "brand": "B.Box",
    "description": "6m+ 1 Each, $9.90 per each",
    "price": "$9.90",
    "originalPrice": "$16.50",
    "savings": "$6.60",
    "specialType": "Half Price Specials"
  },
  {
    "productID": "COL277",
    "productName": "Philips Avent Anti-Colic Baby Bottle Twin Pack",
    "category": "Baby",
    "brand": "Philips Avent",
    "description": "260mL 1 Each, $7.18 per each",
    "price": "$14.35",
    "originalPrice": "$23.95",
    "savings": "$9.60",
    "specialType": "Half Price Specials"
  },
  {
    "productID": "COL278",
    "productName": "B.Box Lunch Box or Insulated Drink Bottle",
    "category": "Baby",
    "brand": "B.Box",
    "description": "350mL 1 Each, $19.80 per each",
    "price": "$19.80",
    "originalPrice": "$33.00",
    "savings": "$13.20",
    "specialType": "Half Price Specials"
  },
  {
    "productID": "COL279",
    "productName": "Subo Food Bottle",
    "category": "Baby",
    "brand": "Subo",
    "description": "210mL 1 Each, $21.00 per each",
    "price": "$21.00",
    "originalPrice": "$35.00",
    "savings": "$14.00",
    "specialType": "Half Price Specials"
  },
  {
    "productID": "COL280",
    "productName": "Glow Lab Hand Wash",
    "category": "Health & Beauty",
    "brand": "Glow Lab",
    "description": "300mL, $1.50 per 100mL",
    "price": "$4.50",
    "originalPrice": "$8.00",
    "savings": "$3.50",
    "specialType": "Half Price Specials"
  },
  {
    "productID": "COL281",
    "productName": "Revlon Illuminance Protect + Moisturize Primer SPF30",
    "category": "Health & Beauty",
    "brand": "Revlon",
    "description": "28mL, $6.96 per 10mL",
    "price": "$19.50",
    "originalPrice": "$34.00",
    "savings": "$14.50",
    "specialType": "Half Price Specials"
  },
  {
    "productID": "COL282",
    "productName": "Palmolive Naturals Body Wash",
    "category": "Health & Beauty",
    "brand": "Palmolive",
    "description": "1 Litre, $0.80 per 100mL",
    "price": "$8.00",
    "originalPrice": "$12.00",
    "savings": "$4.00",
    "specialType": "Half Price Specials"
  },
  {
    "productID": "COL283",
    "productName": "QV Ceramides Cleanser",
    "category": "Health & Beauty",
    "brand": "QV",
    "description": "350g, $3.54 per 100g",
    "price": "$12.40",
    "originalPrice": "$15.50",
    "savings": "$3.10",
    "specialType": "Half Price Specials"
  },
  {
    "productID": "COL284",
    "productName": "Cancer Council Daily Moisturiser Sunscreen SPF50+",
    "category": "Health & Beauty",
    "brand": "Cancer Council",
    "description": "150mL, $11.00 per 100mL",
    "price": "$16.50",
    "originalPrice": "$21.00",
    "savings": "$4.50",
    "specialType": "Half Price Specials"
  },
  {
    "productID": "COL285",
    "productName": "E.L.F. Halo Glow Liquid Filter",
    "category": "Health & Beauty",
    "brand": "E.L.F.",
    "description": "31.5mL, $9.21 per 10mL",
    "price": "$29.00",
    "originalPrice": null,
    "savings": null,
    "specialType": "Every Day"
  },
  {
    "productID": "COL286",
    "productName": "NRG Batteries AA or AAA",
    "category": "Stationery & Media",
    "brand": "NRG",
    "description": "24 Pack, $0.55 per each",
    "price": "$13.25",
    "originalPrice": "$26.50",
    "savings": "$13.25",
    "specialType": "Half Price Specials"
  },
  {
    "productID": "COL287",
    "productName": "Zak Licensed Bottle & Charm Set",
    "category": "Baby",
    "brand": "Zak",
    "description": "1 Each, $12.50 per each",
    "price": "$12.50",
    "originalPrice": "$25.00",
    "savings": "$12.50",
    "specialType": "Half Price Specials"
  },
  {
    "productID": "COL288",
    "productName": "Scholl Gel Activ Insole Work & Boot",
    "category": "Health & Beauty",
    "brand": "Scholl",
    "description": "Small or Large 1 Each",
    "price": "$15.00",
    "originalPrice": "$30.00",
    "savings": "$15.00",
    "specialType": "Half Price Specials"
  },
  {
    "productID": "COL289",
    "productName": "Pyrex Measuring Jug",
    "category": "Household",
    "brand": "Pyrex",
    "description": "500mL, $6.50 per each",
    "price": "$6.50",
    "originalPrice": "$11.00",
    "savings": "$4.50",
    "specialType": "Half Price Specials"
  },
  {
    "productID": "COL290",
    "productName": "Pyrex Iconics Glass Bowl",
    "category": "Household",
    "brand": "Pyrex",
    "description": "3.1 Litre, $9.90 per each",
    "price": "$9.90",
    "originalPrice": "$16.50",
    "savings": "$6.60",
    "specialType": "Half Price Specials"
  },
  {
    "productID": "COL291",
    "productName": "Tefal Cook Right Non Stick Frypan",
    "category": "Household",
    "brand": "Tefal",
    "description": "28cm",
    "price": "$33.50",
    "originalPrice": "$42.00",
    "savings": "$8.50",
    "specialType": "Half Price Specials"
  },
  {
    "productID": "COL292",
    "productName": "Décor Vent & Seal Container",
    "category": "Household",
    "brand": "Décor",
    "description": "650mL, $3.50 per each",
    "price": "$3.50",
    "originalPrice": "$5.00",
    "savings": "$1.50",
    "specialType": "Half Price Specials"
  },
  {
    "productID": "COL293",
    "productName": "Curtis Stone Saucepan",
    "category": "Household",
    "brand": "Curtis Stone",
    "description": "18cm",
    "price": "$28.00",
    "originalPrice": "$40.00",
    "savings": "$12.00",
    "specialType": "Half Price Specials"
  },
  {
    "productID": "COL294",
    "productName": "Optus $35 AutoRecharge Prepaid SIM",
    "category": "Other",
    "brand": "Optus",
    "description": "",
    "price": "$13.00",
    "originalPrice": "$35.00",
    "savings": "$22.00",
    "specialType": "Half Price Specials"
  },
  {
    "productID": "COL295",
    "productName": "10% OFF $50 and $100 Ultimate Her, $30 and $50 Ultimate Kids, Ultimate Students and Ultimate Teens Gift Cards",
    "category": "Other",
    "brand": "Coles",
    "description": "",
    "price": "10% OFF",
    "originalPrice": null,
    "savings": null,
    "specialType": "Promotion"
  },
  {
    "productID": "COL296",
    "productName": "Viva Paper Towel",
    "category": "Household",
    "brand": "Viva",
    "description": "3 Pack, $1.67 per 100 sheets",
    "price": "$3.00",
    "originalPrice": "$5.00",
    "savings": "$2.00",
    "specialType": "Half Price Specials"
  },
  {
    "productID": "COL297",
    "productName": "Morning Fresh Dishwashing Liquid",
    "category": "Household",
    "brand": "Morning Fresh",
    "description": "400mL, $0.75 per 100mL",
    "price": "$3.00",
    "originalPrice": "$6.00",
    "savings": "$3.00",
    "specialType": "Half Price Specials"
  },
  {
    "productID": "COL298",
    "productName": "Fairy Platinum Plus Dishwashing Tablets",
    "category": "Household",
    "brand": "Fairy",
    "description": "70 Pack, $0.44 per each",
    "price": "$30.50",
    "originalPrice": "$61.00",
    "savings": "$30.50",
    "specialType": "Half Price Specials"
  },
  {
    "productID": "COL299",
    "productName": "Dettol Multipurpose Cleaner",
    "category": "Household",
    "brand": "Dettol",
    "description": "750mL, $0.53 per 100mL",
    "price": "$4.00",
    "originalPrice": "$7.00",
    "savings": "$3.00",
    "specialType": "Down Down"
  },
  {
    "productID": "COL300",
    "productName": "Coles Ultra Antibacterial Multipurpose Biodegradable Wipes",
    "category": "Household",
    "brand": "Coles",
    "description": "100 Pack, $0.04 per each",
    "price": "$4.45",
    "originalPrice": null,
    "savings": null,
    "specialType": "Every Day"
  },
  {
    "productID": "COL301",
    "productName": "Surf Laundry Capsules Tropical",
    "category": "Household",
    "brand": "Surf",
    "description": "50 Pack, $0.36 per each",
    "price": "$18.00",
    "originalPrice": null,
    "savings": null,
    "specialType": "Every Day"
  },
  {
    "productID": "COL302",
    "productName": "Vitapet Dog Treats Chicken Tenders",
    "category": "Pet",
    "brand": "Vitapet",
    "description": "500g, $4.20 per 100g",
    "price": "$21.00",
    "originalPrice": "$30.00",
    "savings": "$9.00",
    "specialType": "Half Price Specials"
  },
  {
    "productID": "COL303",
    "productName": "Vitapet Dry Dog Food",
    "category": "Pet",
    "brand": "Vitapet",
    "description": "3kg, $0.40 per 100g",
    "price": "$12.00",
    "originalPrice": "$20.00",
    "savings": "$8.00",
    "specialType": "Half Price Specials"
  },
  {
    "productID": "COL304",
    "productName": "Dine Creamy Treats Cat Food",
    "category": "Pet",
    "brand": "Dine",
    "description": "4x12g, $5.21 per 100g",
    "price": "$2.50",
    "originalPrice": "$4.00",
    "savings": "$1.50",
    "specialType": "Half Price Specials"
  },
  {
    "productID": "COL305",
    "productName": "Temptations Cat Treats",
    "category": "Pet",
    "brand": "Temptations",
    "description": "180g, $3.89 per 100g",
    "price": "$7.00",
    "originalPrice": "$10.00",
    "savings": "$3.00",
    "specialType": "Half Price Specials"
  },
  {
    "productID": "COL306",
    "productName": "Dine Daily Cat Food",
    "category": "Pet",
    "brand": "Dine",
    "description": "7x85g, $1.18 per 100g",
    "price": "$7.00",
    "originalPrice": "$10.00",
    "savings": "$3.00",
    "specialType": "Half Price Specials"
  },
  {
    "productID": "COL307",
    "productName": "Whiskas Favourites Cat Food",
    "category": "Pet",
    "brand": "Whiskas",
    "description": "12x85g, $0.74 per 100g",
    "price": "$7.50",
    "originalPrice": "$13.00",
    "savings": "$5.50",
    "specialType": "Half Price Specials"
  },
  {
    "productID": "COL308",
    "productName": "Breeders Choice Cat Litter Paper",
    "category": "Pet",
    "brand": "Breeders Choice",
    "description": "15 Litre, $1.00 per litre",
    "price": "$15.00",
    "originalPrice": "$22.00",
    "savings": "$7.00",
    "specialType": "Half Price Specials"
  },
  {
    "productID": "COL309",
    "productName": "4 Legs Slow Cooked Dog Food",
    "category": "Pet",
    "brand": "4 Legs",
    "description": "250g, $1.60 per 100g",
    "price": "$4.00",
    "originalPrice": "$5.00",
    "savings": "$1.00",
    "specialType": "Half Price Specials"
  },
  {
    "productID": "COL310",
    "productName": "Pedigree Dentastix",
    "category": "Pet",
    "brand": "Pedigree",
    "description": "7 Pack, $0.79 per each",
    "price": "$5.50",
    "originalPrice": "$7.00",
    "savings": "$1.50",
    "specialType": "Half Price Specials"
  },
  {
    "productID": "COL311",
    "productName": "Supercoat Dry Dog Food",
    "category": "Pet",
    "brand": "Supercoat",
    "description": "6.7kg-7kg",
    "price": "$27.00",
    "originalPrice": "$36.00",
    "savings": "$9.00",
    "specialType": "Down Down"
  },
  {
    "productID": "COL312",
    "productName": "Coles Mobile $25 Prepaid SIM",
    "category": "Other",
    "brand": "Coles Mobile",
    "description": "",
    "price": "$10.00",
    "originalPrice": "$25.00",
    "savings": "$15.00",
    "specialType": "Half Price Specials"
  },
  {
    "productID": "COL313",
    "productName": "Coles Mobile $35 Month-To-Month SIM",
    "category": "Other",
    "brand": "Coles Mobile",
    "description": "",
    "price": "$12.00",
    "originalPrice": "$35.00",
    "savings": "$23.00",
    "specialType": "Half Price Specials"
  },
  {
    "productID": "COL314",
    "productName": "Coles Mobile $220 Prepaid SIM",
    "category": "Other",
    "brand": "Coles Mobile",
    "description": "",
    "price": "$169.00",
    "originalPrice": "$220.00",
    "savings": "$51.00",
    "specialType": "Half Price Specials"
  },
  {
    "productID": "COL315",
    "productName": "Coles Mobile $280 Prepaid SIM",
    "category": "Other",
    "brand": "Coles Mobile",
    "description": "",
    "price": "$219.00",
    "originalPrice": "$280.00",
    "savings": "$61.00",
    "specialType": "Half Price Specials"
  },
  {
    "productID": "COL316",
    "productName": "Belong $30 Mobile SIM",
    "category": "Other",
    "brand": "Belong",
    "description": "",
    "price": "$15.00",
    "originalPrice": "$30.00",
    "savings": "$15.00",
    "specialType": "Half Price Specials"
  },
  {
    "productID": "COL317",
    "productName": "Belong $35 Data Pack",
    "category": "Other",
    "brand": "Belong",
    "description": "",
    "price": "$17.00",
    "originalPrice": "$35.00",
    "savings": "$18.00",
    "specialType": "Half Price Specials"
  },
  {
    "productID": "COL318",
    "productName": "Boost $300 SIM Pack",
    "category": "Other",
    "brand": "Boost",
    "description": "",
    "price": "$264.00",
    "originalPrice": "$300.00",
    "savings": "$36.00",
    "specialType": "Half Price Specials"
  },
  {
    "productID": "COL319",
    "productName": "Carlton Dry Bottles",
    "category": "Liquor",
    "brand": "Carlton",
    "description": "24x330mL",
    "price": "$55.00",
    "originalPrice": "$61.00",
    "savings": "$6.00",
    "specialType": "Regular"
  },
  {
    "productID": "COL320",
    "productName": "NEW Great Northern Light Bottles",
    "category": "Liquor",
    "brand": "Great Northern",
    "description": "24x330mL",
    "price": "$42.00",
    "originalPrice": "$49.00",
    "savings": "$7.00",
    "specialType": "Regular"
  },
  {
    "productID": "COL321",
    "productName": "James Squire 150 Lashes Pale Ale Bottles",
    "category": "Liquor",
    "brand": "James Squire",
    "description": "24x330mL",
    "price": "$57.00",
    "originalPrice": "$62.00",
    "savings": "$5.00",
    "specialType": "Regular"
  },
  {
    "productID": "COL322",
    "productName": "Sapporo Bottles",
    "category": "Liquor",
    "brand": "Sapporo",
    "description": "6x355mL",
    "price": "$21.00",
    "originalPrice": "$25.00",
    "savings": "$4.00",
    "specialType": "Regular"
  },
  {
    "productID": "COL323",
    "productName": "NEW Ello Vodka Alcoholico Lemon Cans",
    "category": "Liquor",
    "brand": "Ello",
    "description": "4.5% 4x375mL",
    "price": "$20.00",
    "originalPrice": "$26.00",
    "savings": "$6.00",
    "specialType": "Regular"
  },
  {
    "productID": "COL324",
    "productName": "NEW -196 Double Lemon Cans",
    "category": "Liquor",
    "brand": "-196",
    "description": "9% 4x250mL",
    "price": "$22.00",
    "originalPrice": "$30.00",
    "savings": "$8.00",
    "specialType": "Regular"
  },
  {
    "productID": "COL325",
    "productName": "Jack Daniels & Cola Cans",
    "category": "Liquor",
    "brand": "Jack Daniels",
    "description": "6x375mL",
    "price": "$30.00",
    "originalPrice": "$39.00",
    "savings": "$9.00",
    "specialType": "Regular"
  },
  {
    "productID": "COL326",
    "productName": "NEW Woodstock Bourbon & Cola Cans",
    "category": "Liquor",
    "brand": "Woodstock",
    "description": "12% 10x200mL",
    "price": "$57.00",
    "originalPrice": "$64.00",
    "savings": "$7.00",
    "specialType": "Regular"
  },
  {
    "productID": "COL327",
    "productName": "Kahlua Coffee Liqueur",
    "category": "Liquor",
    "brand": "Kahlua",
    "description": "700mL",
    "price": "$38.00",
    "originalPrice": "$47.00",
    "savings": "$9.00",
    "specialType": "Regular"
  },
  {
    "productID": "COL328",
    "productName": "Belvedere Vodka",
    "category": "Liquor",
    "brand": "Belvedere",
    "description": "700mL",
    "price": "$72.00",
    "originalPrice": "$89.00",
    "savings": "$17.00",
    "specialType": "Regular"
  },
  {
    "productID": "COL329",
    "productName": "Jack Daniels Whiskey",
    "category": "Liquor",
    "brand": "Jack Daniels",
    "description": "700mL",
    "price": "$57.00",
    "originalPrice": "$66.00",
    "savings": "$9.00",
    "specialType": "Regular"
  },
  {
    "productID": "COL330",
    "productName": "Glenmorangie 12YO Single Malt Scotch Whisky",
    "category": "Liquor",
    "brand": "Glenmorangie",
    "description": "700mL",
    "price": "$72.00",
    "originalPrice": "$99.00",
    "savings": "$27.00",
    "specialType": "Regular"
  },
  {
    "productID": "COL331",
    "productName": "Brown Brothers Prosecco NV",
    "category": "Liquor",
    "brand": "Brown Brothers",
    "description": "750mL",
    "price": "Any 2 for $30.00",
    "originalPrice": null,
    "savings": "$10.00",
    "specialType": "Multi-buy"
  },
  {
    "productID": "COL332",
    "productName": "Selaks Taste Collection Buttery Chardonnay",
    "category": "Liquor",
    "brand": "Selaks",
    "description": "750mL",
    "price": "$13.00",
    "originalPrice": "$20.00",
    "savings": "$7.00",
    "specialType": "Regular"
  },
  {
    "productID": "COL333",
    "productName": "Peter Lehmann Shoulder to Shoulder Cabernet Sauvignon",
    "category": "Liquor",
    "brand": "Peter Lehmann",
    "description": "750mL",
    "price": "$15.00",
    "originalPrice": "$25.00",
    "savings": "$10.00",
    "specialType": "Regular"
  },
  {
    "productID": "COL334",
    "productName": "Jim Barry Watervale Riesling",
    "category": "Liquor",
    "brand": "Jim Barry",
    "description": "750mL",
    "price": "$20.00",
    "originalPrice": "$25.00",
    "savings": "$5.00",
    "specialType": "Regular"
  },
  {
    "productID": "COL335",
    "productName": "Neutrogena Hydro Boost 100% Hydrogel Face Mask",
    "category": "Health & Beauty",
    "brand": "Neutrogena",
    "description": "30g, $15.00 per 100g",
    "price": "$4.50",
    "originalPrice": "$7.00",
    "savings": "$2.50",
    "specialType": "Half Price Specials"
  },
  {
    "productID": "COL336",
    "productName": "Skin Control Pimple Patch",
    "category": "Health & Beauty",
    "brand": "Skin Control",
    "description": "36 Pack, $0.19 per each",
    "price": "$7.00",
    "originalPrice": "$9.00",
    "savings": "$2.00",
    "specialType": "Half Price Specials"
  },
  {
    "productID": "COL337",
    "productName": "Coles Halloween Popping Candy Dippers",
    "category": "Pantry",
    "brand": "Coles",
    "description": "135g, $3.70 per 100g",
    "price": "$5.00",
    "originalPrice": null,
    "savings": null,
    "specialType": "Regular"
  },
  {
    "productID": "COL338",
    "productName": "Coles Halloween 3D Gummy Skulls or Poisoned Apples",
    "category": "Pantry",
    "brand": "Coles",
    "description": "300g, $1.67 per 100g",
    "price": "$5.00",
    "originalPrice": null,
    "savings": null,
    "specialType": "Regular"
  },
  {
    "productID": "COL339",
    "productName": "Coles Halloween Gummy Body Parts or 3D Eyeballs",
    "category": "Pantry",
    "brand": "Coles",
    "description": "350g, $1.43 per 100g",
    "price": "$5.00",
    "originalPrice": null,
    "savings": null,
    "specialType": "Regular"
  },
  {
    "productID": "COL340",
    "productName": "Coles Australian Baby Gem Lettuce",
    "category": "Fruit & Vegetables",
    "brand": "Coles",
    "description": "3 Pack, $1.17 per each",
    "price": "$3.50",
    "originalPrice": null,
    "savings": null,
    "specialType": "Regular"
  },
  {
    "productID": "COL341",
    "productName": "Coles Australian Continental Cucumber",
    "category": "Fruit & Vegetables",
    "brand": "Coles",
    "description": "$1.50 per each",
    "price": "$1.50",
    "originalPrice": null,
    "savings": null,
    "specialType": "Regular"
  }
]