# Drakes Supermarket Catalogue  
**Valid: Wednesday 24/9/2025 â€“ Tuesday 30/9/2025**

---

## Page 1 â€“ Specials & Pantry Staples

### **Honey Soy Punnets**  
SAVE $2.50

### **Maggi 2 Minute Noodles**  
5Ã—69gâ€“5Ã—77g  
**$2.90**

### **Doritos, Red Rock Deli or Smith's Crinkle Cut Chips**  
290gâ€“380g  
**$5.20**  
*$18.93 per kg*

### **Frederick Street Finest Cashews**  
375g  
**$9.90**  
*$26.40 per kg*

### **Coca-Cola or Bref In The Bowl! Toilet Cleaner**  
1.25L or 42gâ€“50g Gel  
**$2.50**  
*$2.00 per litre (Coca-Cola)*

### **Queensland Field Tomatoes**  
**$3.90 per kg**

### **Australian Economy Beef â€“ T-Bone Steak (Bulk Tray)**  
**$18.00 per kg**

---

## Page 2 â€“ Deli & Seafood

### **Pork Roast Heritage**  
**$29.50 per kg**

### **Jarlsberg Original Cheese Block**  
500g  
**$19.00**  
*$38.00 per kg*  
**SAVE $7** when you buy a 500g block & enter online*  
*Ends 30/09/25. Excl. travel. T&Cs apply: [www.drakes.com.au/competitions](https://www.drakes.com.au/competitions)*

### **Deli Savings**  
- **Short Cut Bacon**: $14.00/kg â†’ **SAVE $8**  
- **Sun Valley Roast Beef**: $28.00/kg â†’ **SAVE $3**  
- **Bertocchi Mortadella**: $42.14/kg â†’ **SAVE $2**  
- **Ashgrove Cheese 140g**: $15.00/kg â†’ **SAVE $1.90**  
- **Meredith Dairy Chevre Goat Cheese 150g**: $50.00/kg â†’ **SAVE $2.50**  
- **Lemnos Fetta Salad Crumbles or Cubes 150g**: $33.33/kg

### **Fresh Seafood**  
- **Australian Chicken Drumsticks**: $12.00/kg  
- **Australian Extra Large Schnitzel**: $18.00/kg  
- **Raw Banana Prawns**: $22.00/kg  
- **Barramundi Fillets**: $33.00/kg  
- **Pacific Oysters**: $2.00 each

---

## Page 3 â€“ Meat & BBQ

### **Stock Up for Footy Finals!**

#### **Bakery & Condiments**  
- **Mighty Soft Hamburger Rolls**: **SAVE $1.50**  
- **Wonder Bread 700g**: **SAVE $2.50**  
- **Beerenberg Burger & Tomato Sauce**: **SAVE $1.50**

#### **Meat Specials**  
- **Australian Wagyu Beef Rump Steak (Bulk Tray)**: $37.00/kg â†’ **SAVE $5**  
- **Australian Pork BBQ Chops (Bulk Tray)**: $9.00/kg â†’ **SAVE $5**  
- **Australian Lamb Rump Steak**: $27.00/kg â†’ **SAVE $6**  
- **Australian Beef Blade or BBQ Blade Steak (Bulk Tray)**: $18.00/kg â†’ **SAVE $5**

#### **Ready Meals**  
- **Slape & Sons Ready to Roll Peking Duck Pancake Kit 560g**: **$18.00** â†’ **SAVE $12**  
- **Inghamâ€™s Marinated Chicken 2kg**: $5.25/kg â†’ **SAVE $3.50**  
- **Slape & Sons Lamb Kofta 480g**: $15.43/kg â†’ **SAVE $1.50**  
- **Luv a Duck Peking Duck Breast 480g**: $32.14/kg â†’ **SAVE $2.50**  
- **Slape & Sons Chicken Parmigiana Sausage 480g**: $12.50/kg â†’ **SAVE $2.20**  
- **Inghamâ€™s Chicken Kebabs 450g**: $14.44/kg â†’ **SAVE $2.50**

---

## Page 4 â€“ Fresh Produce

### **Fruit**  
- **New Zealand Gold Kiwifruit**: $3.20/kg â†’ **SAVE $4.50**  
- **Blood Oranges**: $2.00/kg

### **Vegetables**  
- **Drakes International Nut Mix 500g**: $11.00 â†’ **$22.00/kg**  
- **QLD Petite Wombok 2 Pack**: $3.90 â†’ **SAVE $4.50**  
- **QLD Sweet Potatoes 1kg**: $2.90 â†’ **SAVE $1.00**  
- **Australian Snackable Capsicums 1kg**: $4.90 â†’ **SAVE $3.00**  
- **Australian Beetroot Whole Snacking Carrots 250g**: $2.90 â†’ **$11.60/kg**  
- **QLD Iceberg Lettuce**: $2.00 each  
- **Australian White Cup Mushrooms**: $9.90/kg  
- **QLD Whole Celery**: $2.90 each

---

## Page 5 â€“ Bakery

### **Bread & Pastries**  
- **Mighty Soft Raisin Toast 600g**: $4.62 â†’ **$0.77/100g** â†’ **SAVE $3.00**  
- **Latina Fresh Filled Pasta**: $4.40 â†’ **SAVE 50Â¢**  
- **Large Chocolate Mousse**: $4.50 each â†’ **SAVE $2**  
- **Banana Bread**: $6.00 each â†’ **SAVE $2.45**  
- **Mini Chocolate Croissants**: $4.20 â†’ **SAVE 60Â¢**  
- **Helgaâ€™s Plus Health Bread 680gâ€“700g**: $4.50 â†’ **SAVE 45Â¢**

### **Footy Favourites**  
- **Don Skinless Footy Frank 6 Pack**: $5.10 â†’ **SAVE $1.10**  
- **Pane Di Casa Rolls 3 Pack**: $4.40 â†’ **SAVE 50Â¢**  
- **Chunky Chocolate Brubecks Meals 350gâ€“400g**: $4.50 â†’ **SAVE 95Â¢**  
- **Tip Top Burger Buns 4 Pack**: $4.00 â†’ **SAVE $1.30**  
- **Vilis Gourmet Pies or Pasties 5 Pack**: $4.59 â†’ **SAVE 40Â¢**

---

## Page 6 â€“ Dairy

### **Cheese & Butter**  
- **Bega Block Cheese 250g**: $4.95 â†’ **SAVE $3.90**  
- **Perfect Italiano Parmesan Block 200g**: $4.00 â†’ **SAVE $1.35**  
- **Flora Margarine 500g**: $3.25/L â†’ **SAVE $1.50**

### **Milk & Yoghurt**  
- **Breaka or Oak Flavoured Milk 750ml**: $2.50 â†’ **SAVE $1.10**  
- **Jalna Pot Set Yoghurt 2kg**: $4.00 â†’ **$2.00/100g** â†’ **SAVE 80Â¢**  
- **Dairy Farmers Thick & Creamy Yoghurt 140gâ€“150g**: $1.61 â†’ **SAVE $2**  
- **Union Greek Style Yoghurt Pouch 130g**: $1.50 â†’ **SAVE $3.85**  
- **Pauls Plus Protein Yoghurt 160g**: $2.00 â†’ **SAVE $5.60**  
- **Wicked Sister High Protein Pudding 70g**: $1.40 â†’ **SAVE $1.10**

### **Dips**  
- **Dare or Dairy Farmers Dips 135g**: $2.15 â†’ **SAVE $2**  
- **Red Rock Deli Traditional Dip 200g**: $3.25 â†’ **SAVE $1.10**

---

## Page 7 â€“ Freezer

### **Seafood & Veg**  
- **Australian Wild Caught Hoki Fillets 425g**: $5.33/kg â†’ **SAVE $2.50**  
- **Birds Eye Golden Crunch Chips 900g**: $4.80 â†’ **SAVE $1.20**  
- **McCain Mixed Vegetables 500g**: $3.60 â†’ **SAVE $2.60**

### **Pub Favourites**  
- **Fourâ€™N Twenty Sausage Rolls or Patties 12 Pack**: $6.90 â†’ **SAVE $2.60**  
- **McCain Family Pizza 375gâ€“400g**: $5.00 â†’ **SAVE $3.90**  
- **Meals On The Menu Pub Favourite Meals 320g**: $5.60 â†’ **SAVE $1.10**

### **Ice Cream**  
- **Ben & Jerryâ€™s 427mlâ€“465ml**: $9.75 â†’ **SAVE $5.30**  
- **Connoisseur 4 Pack Mini**: $10.50 â†’ **SAVE $4.10**  
- **Peters Original Twin Pole 8 Pack**: $8.00 â†’ **SAVE $5**  
- **Bulla Creamy Classics 2L**: $7.00 â†’ **SAVE $5.50**

---

## Page 8 â€“ Refreshments & Confectionery

### **Soft Drinks**  
- **Coca-Cola 10Ã—375ml**: $5.00 â†’ **$2.67/L** â†’ **SAVE $4**  
- **Mount Franklin Sparkling Water 1.25L**: $2.50 â†’ **SAVE $10**

### **Energy & Mixers**  
- **Powerade 600ml**: $2.20 â†’ **$3.67/L** â†’ **SAVE $2.20**  
- **Red Bull 4Ã—250ml**: $10.00 â†’ **$10.00/L** â†’ **SAVE $5**

### **Chocolate**  
- **Cadbury Block 150gâ€“190g**: $3.00 â†’ **SAVE $3**  
- **Darrell Lea Chocolate Bags 150gâ€“204g**: $4.25 â†’ **SAVE $4.25**  
- **Lindt Excellence Block 80gâ€“100g**: $5.00 â†’ **SAVE $1.30**

---

## Page 9 â€“ Snacking

### **Chips & Nuts**  
- **Thins Chips 150g or Doritos 270gâ€“380g**: $3.30 â†’ **SAVE $2.50**  
- **Nobbyâ€™s Peanuts or Beer Nuts 375g**: $4.50 â†’ **$12.00/kg** â†’ **SAVE $2.30**  
- **Pringles 53g**: $1.50 â†’ **$2.83/110g** â†’ **SAVE $1.20**

### **Cookies & Bars**  
- **Kelloggâ€™s K-Time Baked Twists 185g**: $3.45 â†’ **SAVE $1.80**  
- **Nice & Natural Chewy Muesli Bars 18 Pack**: $4.50 â†’ **SAVE $2.75**  
- **Belair Butternut or Ginger Cookies 500g**: $3.75 â†’ **$7.50/kg**

---

## Page 10 â€“ Pantry

### **Rice & Sauces**  
- **Benâ€™s Original Plain Rice 1kg**: $2.50 â†’ **SAVE $1.50**  
- **Patakâ€™s Simmer Sauces 450g**: $4.65 â†’ **SAVE $4.10**  
- **Oreo Mini Cookies 128gâ€“131g**: $3.00 â†’ **SAVE $1.50**

### **Canned Goods & Beverages**  
- **Sanitarium So Good Almond or Coconut 1L**: $2.50 â†’ **SAVE $2.25**  
- **Twinings Tea Bags 10 Pack**: $3.75 â†’ **SAVE $1.20**  
- **Vittoria Coffee Capsules 8â€“10 Pack**: $7.50 â†’ **SAVE $2**  
- **Jarrah Hot Chocolate**: $4.50 â†’ **SAVE $3.60**  
- **Bickfordâ€™s Cordial 750ml**: $2.50 â†’ **$3.33/L** â†’ **SAVE $1**

---

## Page 11 â€“ Party & Kitchen Essentials

### **BBQ & Sauces**  
- **Slape & Sons BBQ Sausages 1.5kg**: $15.00 â†’ **$10.00/kg** â†’ **SAVE $1.50**  
- **MasterFoods Tomato or BBQ Sauce 475mlâ€“500ml**: $3.00 â†’ **SAVE $3.90**

### **Disposable Tableware**  
- **Deeko Paper Cups 15 Pack**: $1.50 â†’ **SAVE 80Â¢**  
- **Deeko Dinner Napkins 25 Pack**: $2.00 â†’ **SAVE 70Â¢**

### **Dips & Condiments**  
- **Zoosh Dips 185g**: $2.50 â†’ **SAVE $2**  
- **Captainâ€™s Table Water 240ml**: $1.00 â†’ **SAVE $1.50**

---

## Page 12 â€“ Health, Beauty & Baby

### **Sun & Skincare**  
- **Bondi Sands Self Tanning Foam 200ml**: $18.20 â†’ **SAVE $7.80**  
- **Bondi Sands SPF50+ Sunscreen 150ml**: $16.75 â†’ **SAVE $7.25**

### **Oral & Personal Care**  
- **Sensodyne Daily Care Toothpaste 100g**: $5.80 â†’ **SAVE $2**  
- **Berocca Energy Orange Effervescent**: $9.50 â†’ **SAVE $4**

### **Baby Care**  
- **Huggies Ultra-Dry Nappy Pants 24â€“36 Pack**: $22.50 â†’ **SAVE $5**

### **Hair & Body**  
- **Dove Body Wash 1L**: $8.75 â†’ **SAVE $1.50**  
- **Dove Antiperspirant 250ml**: $4.75 â†’ **SAVE $1.50**

---

## Page 13 â€“ General Merchandise

### **Storage & Gardening**  
- **Sistema Klip It Ultra Square 460ml**: $6.80 â†’ **SAVE $4.30**  
- **Sistema Klip It Ultra Square 2.75L**: $16.50 â†’ **SAVE $10.80**  
- **Drakes Potting Mix 25L**: $12.50 â†’ **SAVE $4.30**  
- **Bunnings Feed & Weed for Lawns 2.7L**: $19.00 â†’ **SAVE $7**

---

## Page 14 â€“ Household

### **Cleaning & Paper**  
- **Earthwise Plant Powered Dish Liquid 900ml**: $4.50 â†’ **SAVE $4.50**  
- **Ajax Citrus & Pineapple Disinfectant 750ml**: $3.50 â†’ **SAVE $3.50**  
- **Dettol Antibacterial Wipes 110 Pack**: $4.90 â†’ **SAVE $2.10**  
- **Kleenex Double Length Toilet Tissue 4 Pack**: $3.75 â†’ **SAVE $3.75**

### **Laundry**  
- **Dynamo Professional Laundry Liquid 2L**: $9.00 â†’ **SAVE $14.50**  
- **Sard Stain Remover 900gâ€“1kg**: $6.50 â†’ **SAVE $5.50**  
- **Cuddly Fabric Conditioner 700mlâ€“1L**: $4.30 â†’ **SAVE $3.20**

---

## Page 15 â€“ Pet Food

### **Dog Food**  
- **My Paws Dog Food 1.2kg**: $3.20 â†’ **$0.27/100g**  
- **Purina Supercoat Dog Food 1.7kg**: $12.75 â†’ **SAVE $4.50**

### **Cat Food**  
- **Whiskas Cat Food 400g**: $2.00 â†’ **$0.50/100g**  
- **Fancy Feast Grilled Shredded Meals 6Ã—100g**: $8.50 â†’ **$14.17/100g**

### **Treats**  
- **Schmackos Marrobones 737g**: $10.80 â†’ **$14.65/kg** â†’ **SAVE $2.70**  
- **Pedigree Dentastix Chewy Chunx 68g**: $3.00 â†’ **$4.41/100g** â†’ **SAVE $1.30**

---

## Page 16 â€“ Additional Offers

### **Pantry & Personal Care**  
- **MasterFoods Sauce 475mlâ€“500ml**: $3.00 â†’ **SAVE $1.50**  
- **Oreo Cookies 128gâ€“131g**: $3.00 â†’ **$0.85/100ml**  
- **Dove Body Wash 1L**: $7.00 â†’ **SAVE $1.95**  
- **Energizer Max Plus AA/AAA 10 Pack**: $9.90 â†’ **SAVE $4.95**  
- **Perfect Italiano Shredded Cheese 450g**: $7.00 â†’ **$15.56/kg**

---

**Find your nearest Drakes:**  
Ashmore, Emu Park, Leawood, Parkinson, Rochedale, Toowoomba, Biloela, Glenmore, Meadowvale, Pumicestone, Rosewood, Winston Glades, Calliope, Gracemere, Mundubbera, Proserpine, Samford, Helensvale, North Lakes, Regents Park, Sun Valley

ğŸ“± **Download the myDrakes App today!**  
ğŸŒ [www.drakes.com.au](https://www.drakes.com.au)