# Drakes Catalogue - 1/10/2025 to 7/10/2025

## Below 1/2 Price Specials

### Featured Items
- **Peters 4 Pack** 560ml - **$5.50** ea ($0.98 per 100ml)
- **Maxibon Ice Cream** 410g-435g - **$3.10** ea
- **Uncle Tobys Plus** - **$9.95** ea ($1.36 per 100g)
- **Arnott's Shapes** 130g-190g - **$4.75** ea
- **Pepsi or Schweppes** 10x375ml - **$9.40** ea ($2.51 per litre)

---

## Deli

### Meat & Seafood
- **Sun Valley Australian Boneless Leg Ham** - **$18.00**/kg (Save $8, was $26.00/kg)
- **Australian Cooked Pork Belly Roast** - **$20.00**/kg (Save $8, was $28.00/kg)
- **Thawed Australian Cooked Mixed Tiger Prawns** - **$14.90**/kg (Save $3.10, was $18.90/kg)
- **Sun Valley Australian Turkey Breast Middle Bacon** - **$19.00**/kg (Save $4, was $23.00/kg)
- **Plain or Herb & Mustard** - **$22.00**/kg (Save $4, was $26.00/kg)
- **Cocktail or Thin Franks** - **$7.90**/kg (Save $1.80)
- **Sun Valley Kabana** - **$15.00**/kg (Save $4, was $19.00/kg)
- **Australian Atlantic Salmon Portions** - **$32.00**/kg (Save $6, was $38.00/kg)
- **Swordfish Steak Portions** - **$22.00**/kg (Save $7, was $29.00/kg)

### Deli Items
- **Mediterranean Olives** - **$19.90**/kg (Save 50¢)
- **Danish Fetta Cheese** - **$14.90**/kg (Save $5.10, was $19.90/kg)
- **Big Crunch Onigiri Sushi** - **$3.50** ea (Save $5, $3.18 per 100g)
- **Big Crunch Noodle Sandwich** 110g - **$2.50** ea (Save 50¢, $2.27 per 100g)
- **Big Crunch Noodle Soup** 380g - **$8.00** ea (Save $2, $2.11 per 100g)

---

## Meat & Poultry

### Sausages
- **Cheeseburger Sausages** 480g - **$7.50** ea (Limited Edition - Only Available at Drakes)
- **Cape & Sons Traditional Sausages** 480g Selected - **$4.50** ea (Drakes Free Range)

### Fresh Meat
- **Australian Pork Loin Chops Bulk Tray** - **$9.00**/kg (Save $2.70, was $12.00/kg)
- **Australian Economy Beef Rib Filet Steak Bulk Tray** - **$69.00**/kg (Save $10, was $79.00/kg)
- **Australian Pork Ribs Bulk Tray** - **$14.00**/kg (Save $2, was $16.00/kg)
- **Sticky Pork Ribs** 1.15kg - **$24.00** ea (Save $3, $20.87/kg)

### Packaged Items
- **Aegean Dutch Smoked Cheese** - **$23.00**/kg (Save $6.90, was $29.00/kg)
- **Maggie Beer Cheddar** 150g - **$7.00** ea (Save 90¢, $46.67/kg)
- **Lemnos Fetta Cheese** 180g - **$5.22** ea (Save $1.80, $28.99/kg)
- **Ingham's Chicken Tenders** 440g - **$6.47** ea (Save $3, $14.70/kg)

---

## Produce

### Vegetables
- **Queensland Gold Sweet Potatoes** - **$2.90**/kg
- **Australian Asparagus** - **$2.50**/bunch
- **Queensland Sweet Corn** 500g - **$5.00**/kg
- **Queensland Avocados** 5 Pack - **$4.50** pk ($0.90 each)
- **Australian Truss Tomatoes** - **$3.90**/kg (Save 50¢, $7.80/kg)
- **Australian Flat Mushrooms** - **$4.00** ea
- **Australian Peanuts** 500g - **$4.00** ea ($8.00/kg)
- **Australian Salads** 300g-450g - **$2.80** ea (Save $2)
- **Queensland Broccoli** - **$3.50**/kg

### Fruit
- **Queensland Lady Finger Bananas** - **$4.90**/kg
- **Australian Blackberries** 125g - **$3.50** ea ($36.00/kg)
- **Queensland Red Papaya** - **$3.50** ea

---

## Bakery & Easy Meals

### Bread
- **Tip Top English Muffins** 6 Pack 360g-400g - **$3.10** ea (Save 70¢)
- **Wonder White Gluten Free Vitamins & Minerals Loaf** - **$5.00** ea
- **Tip Top Soft Thins** 6 Pack 240g - **$3.10** ea (Save 90¢, $1.25/100g)
- **Sourdough Rolls** 4 Pack - **$4.00** ea (Save 50¢, $1.00 each)
- **Tip Top Raisin Toast** 500g-575g - **$3.50** ea (Save 50¢)

### Bakery Items
- **Slab Cakes** 400g-500g - **$5.50** ea (Save 45¢)
- **Noshu 95% Sugar Free Ready To Eat Cake** 180g-240g - **$7.75** ea (Save $2.25, $3.23/100g)
- **Large Custard Tart** 400g - **$5.50** ea (Save 50¢, $1.38/100g)
- **Assorted Gourmet Marshmallow** 12 Pack 240g - **$13.95** ea (Save $8.05, $5.81/100g)

### Easy Meals
- **Latina Fresh Filled Pasta** - **$8.00** ea (Save $1.75)
- **La Famiglia Kitchen Ultra Garlic Slices** 180g - **$2.25** ea
- **Mini Stroganoff** 6 Pack - **$6.00** ea (Save $1)
- **Jam Donuts** 10 Pack - **$4.50** ea (Save 50¢)
- **Remy & Stefano Beef Lasagne** 2kg - **$20.00** ea (Save $4.50, $10.00/kg)

---

## Dairy

### Butter & Spreads
- **Devondale Spreadable** 500g - **$6.50** ea (Save $1.50, $1.30/100g)
- **Devondale Butter** 500g - **$7.50** ea (Save $1.50, $1.50/100g)
- **Flora Pro Activ Spread** 500g - **$7.50** ea (Save $2.50, $1.50/100g)
- **Philadelphia Cream Cheese Block or Spread** 250g - **$5.50** ea (Save $1.20, $2.20/100g)

### Cheese & Bacon
- **Cheer Cheese Slices** 32 Pack 500g - **$10.00** ea (Save $1, $20.00/kg)
- **Don Crafted Cuts Streaky Rindless Bacon or Pan Double Smoked Bacon** 180g-200g - **$4.50** ea (Save $1.30)

### Dips & Spreads
- **Obela Hommus or Tzatziki Pan Size Dips** 220g - **$3.80** ea (Great Value, $1.73/100g)

### Beverages
- **Daily Juice Co Juice** 2L - **$6.00** ea (Save $1.50, $3.00/litre)
- **Dare or Dairy Farmers Classic Flavoured Milk** 750ml - **$4.05** ea (Save $1.50, $5.40/litre)

### Yoghurt
- **Gippsland Dairy Twist Yogurt or Chobani Fit Yogurt Tub** 140g - **$1.40** ea (Save 80¢, $1.00/100g)
- **Chobani Fit 15g Protein Greek Yoghurt Pouch** 150g - **$1.80** ea (Save $1.20, $1.20/100g)
- **Dairy Farmers Thick & Creamy Yoghurt** 550g-600g - **$4.40** ea (Save $2.10)
- **Yogo Mix With Choc Chips or M&M's Minis** 150g - **$1.50** ea (Save $1.10, $1.00/100g)
- **Pauls Plus Protein Yoghurt Pouch** 150g or **Protein Chocolate or Vanilla Dairy Snack** 140g - **$2.50** ea (Save $2.20)

---

## Freezer

### Frozen Meals
- **Old El Paso Premium Kits** 295g-418g - **$3.50** ea (Save $4)
- **Birds Eye Deli Fish or Salt & Pepper Prawns** 225g-250g - **$5.80** ea (Save $2.20)
- **McCain Rustica Thin & Crispy or Sourdough Pizza** 335g-450g - **$6.90** ea (Save $2.10)
- **McCain Pizza Slices** 600g - **$6.90** ea (Save $2.20, $1.15/100g)
- **McCain Red Box Meals** 310g-320g - **$3.55** ea (Save $1.45, $1.11/100g)
- **Lean Cuisine Bowl Meals** 350g - **$5.95** ea (Save $3.95)
- **Thomas Cappo Seafoods Cooked & Peeled Prawns** 500g - **$13.90** ea (Save $6, $27.80/kg)

### Frozen Vegetables
- **Birds Eye Stir Fry Vegetables** 500g - **$3.60** ea (Save 90¢, $7.20/kg)
- **McCain Brussels Sprouts, Cauliflower, Broccoli or Sliced Beans** 500g - **$3.60** ea (Save $1.20, $7.20/kg)
- **McCain Pub Style Fries, Wedges or Hash Browns** 750g - **$3.20** ea (Save $1.30, $4.27/kg)

### Ice Cream
- **Peters Drumstick or Maxibon** 4 Pack 560ml - **$5.50** ea (Save $6, $0.98/100ml)
- **Connoisseur Ice Cream** 1L - **$8.90** ea (Save $3.10, $0.89/100ml)
- **Peters Drumstick Ice Cream 4 Pack** - **$4.50** ea (Save $4)
- **Connoisseur Oreo Cookie Tops, Oreo Wafer Cones, Cookie Sandwich or Nestle Kit Kat Sticks** 4 Pack 300ml-540ml - **$6.90** ea (Save $2.60)

---

## Refreshments & Confectionery

### Soft Drinks
- **Coca Cola or Sprite** - Scan to win up to $100,000 instant gift cards

### Chocolate & Confectionery
- **Advent Calendar** 90g - **$6.50** ea
- **Cadbury Chocolate Blocks** 270g-340g - **$5.90** ea ($1.73-$2.19/100g)
- **Bisco Gingerbread Mini** - **$2.50** ea (Save 50¢)
- **Nestle Milky Bar Family Bag** - **$4.50** ea (Save 50¢, $5.96/100g)
- **Sour Patch Kids** 190g - **$2.75** ea (Save $2.50, $1.45/100g)
- **Allen's Confectionery** - **$2.00** ea (Save $2)
- **Halls Cough Drops** - **$1.65** ea (Save $1.35)
- **Chupa Chups Candy Cane** - **$3.90** ea (Save $2.10)
- **Wrigley's Gum** - **$2.50** ea (Save $7.50)
- **Mentos** - **$1.25** ea (Save $1.75)
- **Ferrero Rocher** - **$7.00** ea (Save $3.50)

### Water & Sports Drinks
- **Gatorade G Active** 600ml - **$2.10** ea

---

## Snacking

### Chips & Crackers
- **Smith's Thinly Cut Chips or Grainwaves** 170g-175g - **$2.50** ea (Save $0.50, $1.43-$1.47/100g)
- **Fantastic Rice Crackers** 100g - **$1.70** ea (Save $1.30)
- **Smith's Crinkle Cut or Double Crunch Chips** 150g-170g - **$3.00** ea (Save $2)
- **Smith's Crackers** 160g - **$2.46** ea (Save $1.50, $1.54/100g)
- **Arnott's Snack Right** 165g-175g - **$6.60** ea (Save $3)
- **Arnott's Jatz, Clix or Savoy** 225g-250g - **$3.80** ea (Save $1.20)
- **Arnott's Cream Biscuits** 200g-250g - **$3.80** ea (Save $1.20)

### Snack Bars
- **Nice & Natural Nut Bars** 180g-192g - **$7.75** ea (Save $2.75)
- **Kellogg's LCMs or Nutri Grain Bars** 100g-110g - **$2.25** ea (Save $2.25)
- **Arnott's Salada** 250g - **$4.40** ea (Save $1.60)
- **Uncle Tobys Muesli Bars or Roll-Ups** 145g-185g or 94g - **$3.00** ea (Save $1.50)

### Tea
- **Lipton Quality Intense Extra Strong Tea Bags** 100 Pack 240g - **$7.50** ea (Save $1.50, $3.13/100g)
- **Lipton Quality English Breakfast Tea Bags** 100 Pack - **$4.70** ea (Save $2.10, $2.45/100g)

---

## Pantry

### Pasta & Sauces
- **Dolmio Pasta Sauce** 500g - **$2.40** ea (Save $1.70)
- **Balducci Pasta** 500g - **$2.50** ea (Save $1.50)

### Canned Foods
- **Golden Circle Fruit Drink** 4x250ml - **$2.40** ea (Save $2, $2.40/litre)
- **Heinz Baked Beans or Spaghetti** 300g - **$2.10** ea (Save 90¢)

### Breakfast Cereals
- **Nestle Milo, Duo or Minis Cereal** 330g-350g - **$3.50** ea (Save $3.50)

### Snacks & Treats
- **Arnott's Multipack Biscuits** 180g-200g - **$2.50** ea (Save $1.50, $1.25-$1.39/100g)
- **Golden Days Sesame Snaps** 20 Pack 200g - **$2.50** ea (Save $2)
- **Goodness Me Fruit Nuggets or Sticks** 120g - **$3.50** ea (Save $2.50, $2.92/100g)
- **Sunbeam Yoghurt Coated Sultanas** 4 Pack 180g - **$3.75** ea (Save $1.25, $20.83/kg)

### Condiments & Sauces
- **MasterFoods Aussie Farmers Tomato or Smokey Barbecue Sauce** 500ml - **$2.90** ea (Save $4, $0.58/100ml)
- **MasterFoods Cooking Sauce** 485g-505g - **$3.33** ea (Save $1.85)

### Beverages
- **Nescafe Blend 43** 500g - **$22.00** ea (Save $10, $4.40/100g)

---

## Health & Beauty

### Skincare
- **Selected Neutrogena Products** - **50% OFF**
- **Selected Cenovis Products** - **50% OFF**
- **Rexona Men Body Face And Hair Wash** 400ml - **$4.25** ea (Save $4.25, $1.06/100ml)
- **Schwarzkopf Extra Care Shampoo or Conditioner** 750ml - **$10.00** ea (Save $10)
- **Nivea Body Lotion Pump** 400ml - **$4.75** ea (Save $4.75, $1.19/100ml)
- **Nivea Cleansing Facial Wipes** 25 Pack - **$4.25** ea (Save $4.25, $0.17 each)
- **Nivea Toner Refreshing For Normal & Combination Skin** 200ml - **$4.50** ea (Save $6.50, $2.25/100ml)

### Cosmetics
- **Selected Maybelline Products** - **50% OFF**

### Health
- **Panadol Rapid Caplets** 40 Pack - **$5.50** ea (Save $1.20, $0.14 each)
- **Nestle Nan Infant Formula Opti Pro Stage 3** From 1 Year 800g - **$19.90** ea (Save $5)

---

## General Merchandise

### Cleaning
- **Drakes Spray Mop** - **$29.50** ea (Save $8.45)
- **Sabco Superswish Xtra Broom** 450mm - **$18.50** ea
- **Sabco Dual Angle Window Washer** - **$49.50** ea (Save $31.50)

### Underwear & Clothing
- **Bonds Men Trunk Total Package or Guy Front** 1 Pack - **$13.00** ea (Save $13) - **50% OFF**
- **Explorer Men's or Women's Wool Blend or Lightweight Crew Socks** 1 Pack - **$8.00** ea (Save $8) - **50% OFF**
- **Bonds Men's or Women's Oxford Socks** 3 Pack - **$8.00** ea (Save $8) - **50% OFF**
- **Bonds Women's Hipster Bikini or Boyleg Briefs** 2 Pack - **$12.00** ea (Save $12) - **50% OFF**
- **Bonds Tights Opaque** - **$7.50** ea (Save $7.50)
- **Razza Ladder Resist Assorted Pantyhose** 1 Pack - **$3.00** ea (Save $3)

### Insect Control
- **Aerogard Home Flying Insect Killer Spray** 300ml - **$8.05** ea (Save $3.45, $2.68/100ml)
- **Aerogard Home Multi or Crawling Insect Killer Spray** 300ml - **$9.80** ea (Save $4.20, $3.27/100ml)
- **Mortein Fast Knockdown Crawling Insect Killer Spray** 350g - **$9.80** ea (Save $4.20, $2.80/100g)
- **Mortein Power Gard Easy Reach Surface Spray** 350g - **$12.25** ea (Save $5.25, $3.50/100g)
- **Mortein Kill & Protect Crawling Insect Control Bomb** 3x125g - **$14.60** ea (Save $5.40, $3.89/100g)
- **Mortein Power Gard Professional Indoor Outdoor Surface Spray DIY** 2L - **$28.00** ea (Save $12, $14.00/litre)

---

## Household

### Laundry
- **Cold Power Laundry Liquid** 2L, **Powder** 2kg or **Capsules** 29 Pack - **50% OFF**
- **Surf Laundry Liquid** 1L - **$4.50** ea (Save $2.30, $4.50/litre)

### Dishwashing
- **Morning Fresh Dishwashing Liquid** 900ml - **50% OFF** ($0.54/100ml)
- **Finish Ultimate Dishwasher Tablets** 34 Pack-70 Pack - **$15.00** ea (Save $4)

### Air Fresheners
- **Selected Air Wick Botanic Refills** 420ml-450ml - **$6.90** ea (Save $3.10, $1.53-$1.64/100ml)

### Paper Products
- **Wipex 100% Recycled Paper Towel** 2 Pack - **$3.95** ea (Save $1.95, $0.18/100 sheets)
- **Sorbent Ultra Air White Toilet Tissue 3 Ply** 6 Pack - **$2.80** ea (Save 50¢, $0.54/100 sheets)
- **Sorbent Lotion Facial Tissues** 70 Pack - **$1.40** ea (Save 60¢, $0.02/sheet)

### Wipes
- **Wet Ones Be Gentle Sensitive Hand & Face Wipes** 50 Pack - **$4.25** ea (Save $3.75, $0.09 each)

---

## Pet Food

### Dog Food
- **Purina One Dog Food** 2.5kg - **$14.52** ea (Save $6.60)
- **My Dog** 400g - **$2.40** ea (Save 60¢, $0.60/100g)
- **My Dog Classic or Nature's Goodness Shredded Meals** 100g - **$1.00** ea (Save 50¢, $1.00/100g)
- **Complete Care Dog Food** 400g - **$2.10** ea (Save 90¢, $0.53/100g)
- **Purina Lucky Dog Food** 8kg - **$21.00** ea (Save $2, $2.63/kg)
- **Pedigree Dog Food** 2.5kg-3kg - **$21.00** ea (Save $4.50)
- **Greenies Dental Dog Treats** 170g - **$13.00** ea (Save $5.70)

### Cat Food
- **Friskies Cat Food** 700g - **$3.30** ea (Save $2.30, $0.47/100g)
- **Snappy Tom Cat Food** 400g - **$1.50** ea (Save 50¢, $0.38/100g)
- **Purina Felix Cat Food** 12x85g - **$10.00** ea (Save $4.50, $0.98/100g)
- **Purina Felix Play Tubes or Party Mix Cat Treats** 50g-60g - **$2.60** ea (Save $1.40)
- **Dine Cat Food** 85g - **$0.95** ea ($1.12/100g)

### Cat Litter
- **Catsan Natural Clumping Premium Cat Litter** 3.5kg - **$11.50** ea (Save $1.50, $3.29/kg)
- **VIP Petfoods Proto Dog Roll** 3kg - **$7.00** ea (Save $3.20, $2.33/kg)

---

## Weekly Specials

### Featured This Week
- **John West Tuna** 95g - **$1.00** ea ($10.53/kg)
- **Cheezels** 125g - **$2.00** ea ($1.60/100g)
- **V8 Juice** 1.25L - **$2.75** ea ($2.20/litre)
- **Sorbent Silky White Toilet Tissue** 24 Pack - **$9.00** ea ($0.29/100 sheets)
- **Dine Cat Food** 85g - **$0.95** ea ($1.12/100g)

### Deli Counter Specials
- **Australian Black Angus Beef Rump Steak** - Min 1.2kg - **$21.00**/kg (was $25.00/kg)
- **Australian Chicken Breast Fillets (Deli Dept)** - **$7.90**/kg

---

**Valid: Wednesday 1/10/2025 to Tuesday 7/10/2025**

*While stocks last, exclusions and T&Cs apply. Visit drakes.com.au for details*

*"Click & Collect" and delivery available in selected stores. To determine if your area is in the delivery zone, visit online.drakes.com.au*

**Stores:** Ashmore | Emu Park | Lowood | Parkinson | Rochedale | Toowoomba
